3242 4956
600 1473 1047 1570 PRAEFATIO.

341 1917 449 2027 Sunt
483 1950 547 2044 qui
579 1950 720 2039 dicant,
757 1949 841 2022 inde
873 1973 897 2021 a
928 1947 1064 2021 Christi
1099 1950 1268 2025 doctrina
1302 1955 1394 2026 artis

250 2088 413 2160 musicae
437 2109 551 2180 genus
576 2086 685 2180 plane
710 2087 903 2158 novumet
926 2086 1107 2180 usquead
1131 2087 1222 2158 illud
1247 2091 1394 2183 tempus

249 2223 480 2318 incognitum
505 2222 553 2293 ab
580 2221 790 2294 hominibus
817 2221 977 2294 exerceri
1003 2245 1081 2294 esse
1099 2225 1280 2317 coeptum.
1326 2221 1396 2307 Qui

249 2360 320 2433 viri
355 2382 439 2432 curn
477 2357 558 2452 ipsa
573 2394 577 2404 ·
590 2356 884 2430 Christianorum
915 2358 1063 2430 cantica
1101 2381 1196 2452 quae
1236 2361 1392 2449 restant,

249 2499 403 2567 tumea
434 2517 529 2587 quae
561 2496 771 2588 temporum
804 2494 951 2566 illorum
983 2494 1177 2588 scriptores
1210 2495 1255 2568 dc
1281 2491 1395 2569 cantu

249 2654 353 2704 sacro
384 2631 444 2703 hic
477 2595 564 2702 illuc
596 2629 837 2724 scripserunt,
872 2629 981 2724 plane
1013 2629 1183 2724 ignorare
1209 2631 1393 2704 videntur.

248 2767 347 2840 Nam
371 2767 402 2838 si
426 2765 632 2860 paullulum
650 2765 879 2838 canticorum
896 2767 1139 2837 monumenta
1157 2765 1393 2860 scriptorum·

248 2927 319 2998 que
345 2901 561 2974 testimonia
578 2901 882 2994 perlustrassent,
910 2903 948 2972 et
973 2900 1154 2972 musicam
1172 2898 1393 2974 ludaeorum

248 3042 286 3111 et
326 3038 548 3110 Graecorrnn
587 3036 634 3107 ad
673 3039 826 3134 cantum
866 3036 1118 3109 Christianum
1157 3037 1394 3110 excolendum

249 3173 386 3268 aliquid
418 3172 577 3246 valuisse
610 3174 710 3244 certe
742 3171 930 3244 vidissent.
983 3171 1037 3244 De
1070 3171 1203 3265 quibus
1236 3173 1393 3247 musices

247 3309 479 3382 Christianae
518 3307 727 3406 primordiis
766 3307 836 3379 etsi
871 3307 1036 3380 historici
1067 3307 1181 3380 verba
1214 3307 1391 3398 fecerunt,
1487 3331 1489 3336 ·

247 3445 338 3516 nihil
371 3448 500 3516 tamen
526 3443 618 3516 certi
644 3465 759 3536 usque
786 3442 905 3515 adhuc
931 3444 1114 3544 constat.⁶
1142 3441 1196 3516 Ac
1230 3444 1393 3537 primum

247 3581 394 3673 quidem
434 3579 682 3653 Gerbertus
722 3579 943 3672 scriptorum
987 3577 1203 3650 testimonia
1241 3577 1392 3672 diligen·

248 3715 390 3786 tissime
422 3715 575 3786 collecta
606 3714 663 3785 ita
701 3713 933 3808 permiscuit,
972 3716 1017 3784 ut
1049 3712 1393 3806 antiquissimorum

247 3850 469 3944 scriptorrnn
509 3849 724 3922 testimonia
763 3872 848 3922 cum
886 3850 1151 3922 monachorum
1185 3849 1391 3923 recentissi-

247 4009 392 4058 morum
410 3984 530 4058 verbis
543 3984 622 4057 sine
635 3985 709 4057 ullo
723 3985 815 4057 artis
830 3985 980 4058 criticae
993 3985 1138 4058 delectu
1150 3985 1390 4059 coniunxerit.

235 4097 385 4194 ⁴Deinde
423 4116 661 4198 Forkelius
701 4120 771 4192 etsi
810 4120 1020 4194 accuratius
1059 4141 1104 4192 ea
1142 4109 1237 4214 quae
1278 4124 1392 4193 antea

248 4257 400 4331 collecta
430 4260 554 4338 erant,
586 4258 685 4328 certo
718 4256 878 4350 quodam
904 4255 1029 4366 ordine
1062 4255 1255 4350 disponens
1287 4257 1391 4328 novis

247 4393 468 4486 quibusdam
507 4391 661 4465 adiectis
707 4391 836 4486 primis
874 4394 1034 4485 quatuor
1072 4392 1227 4466 saeculis
1271 4392 1392 4465 lucem
