3242 4956
713 355 833 430 -'36
880 405 915 413 -

238 537 368 600 tertium
390 536 424 599 in
447 535 701 600 confessionibus
723 534 780 618 IX,
806 536 845 598 12
868 538 900 600 et
915 535 989 619 ΧΠ,
1012 537 1063 620 32,
1087 557 1149 621 quo
1172 537 1259 602 loco:
1275 517 1387 622 atque,

239 647 353 731 inquit,
375 649 412 710 ut
433 668 518 710 eram
541 646 679 710 inlecto
702 667 773 709 meo
796 647 894 729 solus,
926 648 1108 712 recordatus
1132 671 1202 712 sum
1231 649 1387 714 veridicos

241 779 350 822 versus
373 756 551 822 Ambrosii:

595 874 681 938 Deus
705 878 829 940 creator
851 877 993 941 omnium

596 985 727 1068 Polique
750 989 855 1050 rector
875 989 1014 1051 vestiens

595 1095 688 1160 Diem
712 1097 826 1160 decoro
849 1098 969 1162 lumine

594 1207 731 1272 Noctem
755 1208 879 1291 soporis
901 1210 1013 1293 gratia.

594 1343 693 1408 Artus
716 1344 837 1407 solutos
860 1347 896 1407 ut
918 1346 1006 1428 quies

597 1454 721 1518 Reddat
743 1454 860 1518 laboris
883 1456 954 1519 usui

596 1564 783 1647 Montesque
805 1565 905 1628 fessas
928 1567 1044 1631 allevet

595 1675 776 1758 Luctusque
799 1675 903 1739 solvat
924 1677 1044 1741 anxios,

240 1795 290 1860 Ex
312 1795 362 1860 his
386 1795 507 1860 duabus
530 1793 680 1878 strophiS,
709 1816 841 1878 quarum
869 1798 1001 1878 utraque
1024 1819 1061 1860 ex
1084 1801 1221 1881 quatuor
1243 1801 1386 1866 dimetris

240 1905 385 1970 iambicis
400 1907 540 1988 constat,
564 1905 770 1969 Ambrosium
785 1904 922 1988 hymnos
938 1908 1183 1974 concionantem
1204 1912 1386 1994 prosodiam

240 2016 482 2101 grammaticam
510 2016 695 2080 observasse
724 2015 956 2102 cognoscimus.
969 2017 991 2103 ¹)
1043 2019 1265 2094 Quaerendum
1293 2023 1386 2086 nobis

240 2130 298 2209 est,
321 2129 428 2191 utrum
455 2127 525 2212 ipsa
546 2126 662 2211 pedum
685 2126 841 2190 dimensio
864 2127 1002 2193 musicae
1031 2131 1259 2195 modulationis
1287 2133 1386 2216 quod-

240 2237 312 2301 dam
334 2259 436 2322 genus
459 2237 493 2301 in
515 2236 642 2320 hymnis
669 2237 734 2300 illis
763 2237 914 2302 canendis
937 2224 1154 2326 constituerit,
1176 2265 1235 2306 nec
1258 2266 1307 2307 ue.
1352 2241 1386 2308 Si

239 2347 322 2412 hano
344 2369 412 2413 rem
433 2369 500 2411 non
522 2349 638 2412 factam
667 2371 736 2412 esse
758 2349 922 2433 ponimus,
950 2350 1061 2433 hymni
1084 2355 1139 2415 aut
1160 2353 1205 2416 ita
1232 2354 1303 2418 cani
1332 2376 1387 2438 po·

240 2461 383 2542 tuernnt,
417 2462 452 2523 ut
485 2458 556 2522 soni
593 2459 728 2544 singulis
757 2460 926 2524 verborum
954 2461 1085 2544 syllabis
1119 2463 1270 2547 applicati
1303 2465 1387 2528 idem

239 2569 392 2654 temporis
428 2569 566 2654 spatium
599 2569 777 2653 explerent,
811 2573 865 2634 aut
897 2571 956 2654 ita,
991 2574 1025 2636 ut
1057 2574 1154 2637 verba
1191 2574 1382 2657 hymnorum

238 2680 412 2745 secundum
433 2680 728 2766 pronuntiationem
750 2683 844 2765 atquc
866 2685 1032 2746 accentum
1047 2683 1227 2769 vulgarem,
1249 2685 1281 2749 id
1302 2686 1386 2770 quod

238 2791 273 2856 in
295 2790 426 2876 psalmis
453 2795 486 2856 et
506 2791 541 2855 in
563 2790 696 2856 canticis
718 2792 872 2875 prosaicis
900 2795 1020 2857 tactum
1043 2816 1111 2858 esse
1140 2795 1292 2880 vidimus,
1321 2819 1386 2860 mu-

238 2901 304 2968 sica
325 2902 460 2986 quadam
483 2901 606 2966 ratione
628 2903 919 2986 pronrmtiarentur.
965 2903 998 2968 Si
1028 2905 1217 2969 Ambrosius
1248 2907 1386 2990 primum

238 3013 272 3077 in
294 3011 423 3077 modum
444 3011 581 3096 hymnos
605 3013 764 3076 canendos
787 3017 941 3096 curasset,
970 3019 1099 3078 cantum
1121 3017 1251 3100 planum
1282 3017 1316 3080 in
1339 3039 1386 3081 ec-

240 3123 369 3188 clesiam
384 3123 570 3188 induxisset.
604 3123 650 3186 At
671 3145 743 3188 cum
764 3123 862 3188 medii
884 3125 953 3188 aevi
975 3126 1147 3210 scriptores
1170 3130 1299 3191 cantum
1322 3129 1386 3212 pla-

239 3255 316 3298 num
337 3254 404 3298 non
426 3233 466 3297 ab
488 3233 670 3316 Ambrosio,
694 3234 749 3298 scd
764 3256 783 3298 a
799 3234 955 3321 Gregorio
978 3236 1012 3300 in
1035 3237 1201 3302 ecclesiam
1224 3238 1386 3304 inductum

240 3365 309 3408 esse
331 3346 485 3426 asserant,
507 3343 598 3408 illum
620 3366 686 3408 non
708 3345 807 3410 fuisse
829 3347 961 3430 planum
983 3350 1123 3432 apparet.
1148 3347 1182 3412 Si
1198 3348 1387 3414 Ambrosius

238 3453 376 3538 hymnos
409 3454 583 3518 secundum
616 3455 910 3539 pronuntiationem
947 3459 1114 3523 verborum
1143 3460 1321 3545 vulgarem,
1356 3459 1387 3524 id

239 3568 302 3648 est,
324 3563 505 3650 prosaicum
527 3565 561 3629 in
583 3565 713 3630 modum
735 3567 935 3650 pronmrtiari
953 3569 1115 3652 voluisset,
1139 3575 1224 3634 certe
1247 3571 1388 3635 carmina

239 3677 371 3742 metrica
385 3698 451 3742 non
467 3675 709 3761 composuisset,
732 3698 866 3761 quorrmr
881 3677 982 3742 multa
997 3679 1093 3744 verba
1114 3681 1240 3764 poetica
1258 3685 1388 3765 propter

239 3787 423 3872 prosodiam
450 3788 691 3873 grammaticam
720 3787 821 3852 electa
848 3788 882 3852 in
916 3811 1062 3854 sermone
1090 3791 1213 3875 vulgari
1237 3791 1389 3856 inusitata

239 3901 338 3962 erant.
346 3897 372 3983 ²)
417 3897 497 3964 Cum
525 3897 624 3984 igitur
653 3898 845 3982 hynmorum
882 3903 994 3964 santus
1021 3921 1125 3984 neque
1152 3902 1266 3984 planus
1295 3907 1387 3984 esset,

308 4089 333 4156 t)
351 4087 383 4142 ln
400 4084 490 4140 tribus
508 4083 562 4140 illis
581 4085 702 4155 hymnis,
721 4085 768 4155 qui
786 4086 862 4156 apud
880 4085 985 4140 Bodam
1004 4089 1032 4142 et
1050 4087 1078 4142 in
1099 4085 1238 4142 breviario
1260 4089 1387 4144 Romano

238 4170 342 4242 integri
360 4169 549 4242 reperiuntur,
567 4169 699 4242 prosodia
715 4185 826 4242 semper
844 4171 1017 4226 observatur.

306 4259 334 4324 2)
352 4255 386 4310 ot.
407 4255 523 4324 August.
544 4255 655 4310 retract.
675 4253 723 4310 lib.
744 4255 765 4322 1,
793 4272 853 4326 cap.
872 4261 917 4310 20:
944 4256 1010 4312 Ideo
1029 4259 1123 4312 cirtem
1141 4272 1196 4310 nou
1215 4255 1309 4328 aliquo
1328 4277 1385 4314 car·

239 4339 320 4396 minis
337 4355 440 4410 genere
459 4339 488 4394 id
506 4339 565 4394 fieri
583 4339 671 4406 volui,
694 4357 729 4395 uo
753 4357 797 4396 ms
819 4341 970 4398 necessitas
988 4341 1105 4396 metrica
1123 4339 1159 4394 ad
1177 4339 1274 4410 aliqua
1294 4345 1387 4405 verba,

240 4441 312 4498 quas
329 4425 413 4494 vulgo
431 4424 522 4480 miuus
541 4427 606 4482 sunt
623 4423 738 4492 usitata,
757 4426 944 4496 compelleret.
