3242 4956
710 351 921 414 „37-

157 547 160 554 ¹
244 543 345 604 neque
374 521 464 605 quasi
492 520 636 604 prosaica
659 519 895 604 pronuntiatio,
929 521 1060 584 tertium
1094 520 1174 584 illud
1208 524 1323 604 restat,
1357 525 1394 585 ut

244 631 412 696 verborum
434 630 824 714 rhythmumetmmque
847 633 879 694 et
907 631 977 714 ipsa
997 630 1114 714 pedum
1141 631 1297 696 dimensio
1325 653 1391 696 mu-

244 742 327 806 sicae
350 741 576 806 modulationis
599 764 700 828 genus
723 741 882 824 quoddam
905 741 1114 805 constituerit.
1160 741 1272 826 Neque
1301 743 1389 826 quid-

245 875 340 936 quam
363 853 479 935 obstat,
502 853 579 935 quin
600 851 683 916 hanc
705 874 773 916 rem
800 851 918 915 factam
941 873 1009 916 esse
1031 854 1194 935 putemus,
1222 875 1332 916 verum
1361 856 1393 916 et

244 985 282 1027 ex
305 963 479 1048 Augustini
508 965 540 1026 et
562 985 599 1026 ex
627 963 724 1026 medii
746 962 815 1026 aevi
844 962 1036 1046 scriptorum
1064 962 1273 1046 testimoniis,
1302 963 1392 1027 item-

243 1097 303 1157 que
331 1097 370 1138 ex
397 1073 589 1156 hymnorum
614 1074 754 1156 'psorum
776 1073 880 1136 forma
901 1074 1033 1138 metrica
1055 1095 1183 1137 revera
1210 1073 1242 1136 id
1270 1074 1392 1138 factum

245 1207 313 1248 esse
341 1185 574 1269 cognoscimus.
579 1097 733 1357 &Denuo
761 1183 937 1268 Augustini
970 1184 1049 1248 illud
1077 1184 1268 1248 adsciscam:
1304 1187 1393 1248 ‘tunc

244 1299 280 1360 ut
315 1294 427 1378 hymni
456 1298 488 1359 et
520 1317 579 1378 psa
625 1294 636 1357 i
670 1293 843 1358 secundum
871 1315 993 1358 morem
1016 1293 1226 1358 Orientalium
1254 1294 1392 1378 partium

244 1408 448 1488 canerentur,
471 1406 610 1489 primum
632 1405 815 1468 institutum
837 1406 908 1468 est'
952 1404 992 1494 In
1014 1403 1105 1487 Syria
1132 1402 1244 1487 hymni
1271 1427 1289 1468 a
1315 1404 1392 1468 Bar-

244 1515 360 1580 desane
383 1518 416 1579 et
436 1515 613 1580 Harmonio
642 1514 811 1599 compositi
833 1514 1012 1598 rhythmice
1040 1515 1074 1578 in
1101 1515 1232 1579 modum
1259 1514 1392 1598 hymno-

244 1649 314 1690 rum
337 1626 530 1690 Graecorum
558 1629 701 1690 veterum
723 1621 933 1708 canebantur,
963 1625 996 1689 id
1023 1628 1071 1690 est
1099 1625 1159 1708 ita,
1191 1628 1226 1699 ut
1253 1626 1391 1690 musicae

243 1737 469 1802 modulationis
492 1737 592 1820 idem,
615 1736 669 1820 qui
691 1735 878 1820 verborum,
906 1736 1075 1819 rhythmus
1105 1739 1197 1800 esset.
1243 1736 1391 1800 Clemens

243 1848 478 1912 Alexandrinus
511 1845 696 1930 rhythmum
725 1847 881 1910 musicum
911 1868 978 1910 non
1006 1847 1101 1911 modo
1130 1869 1223 1931 saepe
1255 1869 1391 1912 comme-

243 1957 393 2040 moravit,
428 1958 483 2022 sed
511 1958 606 2022 etiam
635 1958 704 2042 ipse
732 1957 766 2020 in
793 1956 914 2040 hymno
942 1958 998 2020 illo
1027 1957 1181 2021 adhibuit.
1227 1957 1391 2042 Numquid

245 2069 360 2151 obstat,
389 2068 465 2152 quin
493 2068 589 2132 etiam
616 2066 821 2150 Ambrosius,
856 2068 910 2151 qui
939 2069 973 2131 in
1001 2067 1129 2151 hymnis
1159 2068 1389 2132 concinnandis

243 2179 426 2263 prosodiam
448 2179 689 2265 grammaticam
712 2178 907 2262 observavit,
940 2178 1050 2243 eadem
1083 2179 1216 2261 ratione,
1251 2200 1313 2260 qua
1334 2177 1390 2261 hy-

243 2310 336 2353 mnos
359 2292 392 2353 et
407 2289 546 2354 Graecos
568 2292 601 2353 et
616 2289 762 2373 Syriacos
779 2292 923 2354 cantatos
940 2312 1008 2354 esse
1024 2289 1170 2372 vidimus,
1198 2289 1295 2354 etiam
1318 2311 1391 2352 suos

245 2399 404 2465 canendos
428 2400 606 2465 curaverit?
660 2407 664 2417 “

328 2509 373 2575 Et
400 2511 483 2594 apud
512 2510 650 2576 Graecos
679 2513 712 2575 et
738 2511 822 2596 apud
854 2510 986 2575 Latinos
1014 2511 1049 2574 in
1075 2511 1218 2575 versibus
1246 2509 1392 2574 iambicis

244 2621 387 2686 dimetria
409 2644 468 2706 pro
491 2622 580 2686 brevi
606 2621 702 2705 primi
732 2625 764 2686 et
785 2621 872 2686 tertii
898 2621 988 2705 pedis
1017 2622 1141 2704 syllaba
1168 2623 1267 2707 longa
1296 2643 1390 2704 saepe

243 2732 408 2815 reperitur.
452 2731 572 2796 Versus
609 2732 762 2796 iambicus
798 2732 1017 2814 quaternarius
1051 2754 1090 2794 ex
1124 2731 1247 2796 duobus
1281 2731 1391 2795 metris

245 2844 385 2924 constat,
409 2864 543 2925 quorum
565 2845 768 2925 utrumquea
789 2842 877 2906 brevi
900 2843 1022 2924 syllaba
1037 2842 1159 2925 incipit.
1184 2843 1270 2917 Quae
1285 2841 1392 2905 brevis

245 2952 367 3036 syllaba
388 2955 525 3016 metrum
553 2952 711 3036 incipiens
734 2952 768 3016 in
789 2951 952 3016 recitando
976 2952 1041 3015 sive
1075 2952 1108 3014 in
1139 2953 1300 3035 canenda,
1329 2975 1392 3035 quo

245 3062 369 3126 facilius
404 3085 530 3126 versum
558 3085 596 3126 ex
625 3047 745 3126 duabus
779 3062 922 3146 partibus
958 3063 1171 3148 compositum
1204 3085 1272 3127 esse
1301 3085 1392 3126 aures

245 3173 460 3257 perciperent,
495 3173 671 3257 paullulum
700 3173 844 3257 protrahi
879 3173 1017 3258 solebat,
1052 3173 1186 3258 ideoque
1216 3195 1275 3258 pro
1303 3174 1392 3238 brevi

245 3283 368 3366 syllaba
389 3286 552 3367 protracta
574 3283 671 3348 etiam
693 3284 823 3369 longam
846 3284 1000 3368 syllabam
1021 3285 1199 3369 paullulum
1214 3287 1392 3368 correptam
1511 3331 1516 3340 .

244 3415 363 3478 ponere
386 3395 511 3459 licebat.
521 3393 546 3480 ¹)
1367 3479 1369 3482 Ι

329 3506 519 3570 Ambrosius
542 3527 667 3590 quoque
696 3506 729 3569 in
751 3505 895 3570 versibus
922 3505 987 3570 suis
1009 3505 1153 3571 iambicis
1182 3510 1392 3592 quaternariis

245 3637 303 3700 pro
326 3616 415 3680 brevi
436 3617 531 3700 primi
557 3619 589 3680 et
616 3616 704 3680 tertii
731 3616 821 3700 pedis
849 3617 972 3699 syllaba
999 3639 1150 3702 persaepe
1178 3619 1309 3704 longam
1336 3641 1392 3704 po-

245 3726 317 3791 suit.
361 3725 477 3791 Utrum
500 3729 605 3791 autem
632 3727 710 3790 arsis
738 3727 794 3791 illa
819 3728 893 3793 ,sive
922 3727 1038 3792 levatio
1068 3727 1266 3815 (Austakt)²)
1296 3731 1392 3796 etiam
1449 3741 1456 3755 '

313 3999 338 4064 1)
357 3997 471 4052 Boeokh
488 3998 609 4085 primum
626 3998 705 4068 vidit,
724 3999 794 4054 hano
807 3999 922 4054 brevem
934 3998 1070 4066 syllabam
1091 4001 1265 4070 protractam
1282 4003 1318 4057 ab
1331 4003 1391 4056 Ari-

245 4105 358 4154 stoxeno
377 4099 507 4168 indicari,
526 4101 574 4170 qui
590 4100 664 4156 inter
681 4095 786 4171 χρόνον
798 4103 909 4170 πρῶτον
928 4091 965 4181 (υ
977 4134 1019 4156 =
1030 4077 1083 4188 J)
1102 4102 1132 4156 et
1149 4097 1252 4172 χρόνον
1267 4105 1391 4173 δι’σημον

246 4209 281 4298 (-
294 4252 336 4274 =
347 4203 377 4307 J)
397 4214 501 4290 χρόνον
514 4213 619 4290 ἄλογον
637 4219 667 4274 in
685 4219 776 4276 medio
794 4219 916 4290 positum
934 4237 993 4275 esse
1012 4220 1080 4274 dicit
1098 4211 1140 4302 (ῡ
1152 4253 1194 4274 =
1205 4202 1259 4308 ll)

314 4325 339 4390 2)
357 4321 398 4376 De
416 4341 467 4377 usu
485 4322 601 4390 antiquo
620 4322 769 4378 verborum
788 4319 900 4393 (ἄρας’,
926 4321 1028 4377 levatio
1048 4321 1105 4376 sive
1125 4323 1208 4378 elatio
1236 4326 1265 4379 et
1284 4325 1390 4392 ’θέας’

246 4405 303 4460 sive
333 4403 423 4476 βάσις’
442 4427 466 4462 v.
486 4409 518 4464 A.
536 4407 689 4476 Rossbach,
708 4407 816 4464 Griech.
836 4405 998 4480 Rhythmik,
1016 4425 1043 4479 p.
1064 4413 1104 4462 24.
1125 4415 1164 4464 25.
1188 4441 1190 4446 -
