3242 4956
728 315 915 376 „11-

252 483 324 546 dam
359 485 521 546 cantorem
559 485 591 544 et
630 482 782 546 lectorem
816 483 994 546 divinarum
1035 485 1261 566 scripturarum
1301 485 1399 548 fuisse

251 593 336 656 dicit.
349 593 372 678 ¹)
410 592 611 656 Praecinenti
633 596 738 656 autem
762 594 884 658 cantori
906 595 956 656 vel
979 594 1090 657 lectori
1112 595 1250 677 populus
1273 595 1307 657 in
1329 617 1397 662 ver-

252 726 343 766 suum
376 703 438 766 fine
470 703 662 786 respondere
696 704 856 795 6016111011)
891 707 946 768 aut
978 703 1090 766 ultima
1122 727 1269 768 versuum
1302 706 1399 768 verba

253 810 462 900 (ἅκροστίχια
485 813 550 878 sive
573 811 824 900 ἀκροτελεύτια)
847 815 1019 898 repetendo
1043 817 1097 878 aut
1114 815 1225 879 breves
1242 816 1397 880 clausulas

251 924 478 988 intercalando
890 913 892 917 ’

336 1034 397 1110 Qui
426 1037 536 1098 cantus
564 1035 783 1118 responsorius
813 1037 914 1119 qualis
937 1037 1049 1119 fuerit,
1079 1037 1199 1120 optime
1228 1059 1266 1100 ex
1293 1037 1399 1100 verbis

251 1145 424 1230 Augustini
447 1150 599 1230 cognosci
621 1155 743 1236 potest,
767 1151 821 1236 qui
843 1149 1001 1234 psalmum
1030 1147 1162 1230 abipso
1186 1148 1405 1230 compositum¹

251 1260 394 1320 accurate
411 1257 587 1343 descripsit.
610 1258 976 1344 1616116616110111111163)
1001 1258 1101 1321 enim:
1125 1257 1267 1340 ‘Volens
1284 1257 1397 1340 inquit,

251 1369 347 1431 etiam
386 1390 512 1432 causam
546 1357 787 1437 Donatistarum
825 1372 864 1435 ad
905 1369 1004 1453 ipsius
1038 1367 1213 1432 humillimi
1244 1368 1332 1452 vulgi
1366 1370 1398 1430 et

251 1480 382 1542 omnino
404 1480 623 1563 imperitorum
649 1484 797 1547 notitiam
820 1479 999 1566 pervenire,
1029 1481 1060 1541 et
1090 1485 1217 1560 corum‚'
1243 1481 1397 1560 quantum

249 1590 317 1652 fieri
345 1593 455 1672 posset
482 1614 540 1674 per
567 1615 641 1676 nos,
677 1593 841 1659 inhaerere
869 1589 1036 1672 memoria,
1064 1589 1238 1672 psalmum,
1269 1589 1323 1670 qui
1353 1587 1398 1651 eis

249 1701 478 1790 cantareturl),
506 1725 563 1785 per
591 1705 706 1767 latinas
736 1705 844 1766 literas
867 1702 944 1765 feci:
974 1701 1029 1764 sed
1058 1721 1156 1782 usqne
1185 1698 1224 1760 ad
1253 1699 1396 1780 quintam

248 1809 381 1873 literam.
426 1811 519 1876 Tales
549 1816 654 1877 autern
676 1813 889 1878 Abecedarios
906 1809 1077 1894 appellant.
1123 1809 1200 1872 Tres
1224 1829 1299 1871 vero
1323 1809 1395 1870 ulti-

248 1943 316 1983 mas
339 1921 447 2003 omisi,
476 1923 531 1986 scd
558 1946 617 2006 pro
645 1925 684 1986 iis
712 1923 921 1986 novissimum
950 1921 1039 2004 quasi
1067 1920 1230 2003 epilogum
1253 1918 1397 1981 adiunxi:

247 2029 466 2114 Hypopsalma
488 2033 593 2115 etiam,
617 2035 701 2117 quod
723 2034 977 2118 responderetur,
1001 2033 1033 2094 et
1054 2029 1253 2113 prooemium
1275 2051 1397 2111 causae,

248 2141 332 2223 quod
359 2141 568 2206 nihilominus
597 2147 792 2226 cantaretur,
820 2165 887 2207 non
916 2145 991 2205 sunt
1017 2142 1051 2205 in
1080 2140 1190 2204 ordine
1222 2139 1396 2202 literarum.

249 2250 396 2314 Psalmus
420 2253 465 2316 sic
487 2253 616 2338 incipit:

550 2388 653 2444 ¹Omnes
672 2389 719 2457 qui
738 2390 866 2459 gaudetis
886 2389 920 2442 de
938 2404 1023 2457 pace,

551 2473 635 2526 Modo
655 2490 750 2526 verum
768 2474 929 2540 iudicate⁵)‚

248 2582 333 2665 quod
355 2583 422 2645 eius
445 2583 655 2666 hypopsalma
677 2587 748 2648 est'

332 2692 420 2756 Duos
449 2693 508 2756 hos
541 2694 713 2758 versiculos
735 2694 858 2778 psalmo
890 2694 1090 2777 praepositos
1127 2695 1221 2775 atquc
1261 2693 1300 2754 ab
1340 2693 1398 2755 ini-

247 2803 293 2866 tio
316 2825 334 2865 a
356 2806 484 2866 cantore
508 2807 652 2867 cantatos
676 2805 812 2888 populus
840 2807 915 2887 post
936 2824 1194 2886 unumquemque
1223 2824 1350 2865 versum
1381 2825 1400 2864 a

248 2915 377 2976 cantore
392 2913 560 2977 recitatum
575 2916 746 2998 repetebat.
773 2915 837 2995 Qui
856 2913 1004 2978 versiculi
1019 2912 1215 2995 responsorii
1230 2934 1292 2993 quo
1309 2915 1400 2974 crant

248 3023 423 3106 breuiores,
455 3046 492 3087 eo
515 3025 639 3088 facilius
661 3025 815 3088 memoria
843 3024 1044 3088 inhaerentes
1068 3045 1086 3085 a
1108 3024 1177 3085 toto
1206 3024 1299 3085 coetu
1328 3022 1399 3084 cani

247 3135 429 3215 potuerunt.
460 3135 719 3210 Quamobrem
741 3134 853 3198 verba:
877 3135 987 3218 ‘Kyrie
1017 3133 1152 3216 eleison,
1178 3131 1304 3196 Christe
1327 3132 1398 3194 elci-

248 3265 322 3326 6011,
350 3243 504 3328 Alleluja‚
540 3245 658 3308 Amen’
688 3245 872 3328 saepissime
900 3268 919 3307 a
946 3244 1065 3327 populo
1093 3243 1178 3306 hunc
1206 3243 1240 3305 in
1269 3242 1398 3304 modurn

247 3356 374 3416 cantata
397 3376 465 3417 esse
489 3355 573 3437 apud
589 3357 760 3438 scriptores
782 3355 926 3439 legimus.
955 3354 1128 3444 Praecipue
1150 3375 1212 3416 vox
1235 3358 1398 3433 ‘alleluja'‚

247 3463 310 3526 iam
348 3463 431 3546 apud
464 3463 597 3528 Iudaeos
631 3466 767 3529 maxime
800 3465 918 3528 usitata
941 3463 1206 3547 quemadmodum
1239 3462 1398 3545 apopulo

314 3685 338 3750 1)
359 3681 467 3740 Soacm,
485 3684 550 3737 hist.
571 3685 635 3738 eccl.
654 3685 704 3750 IV,
724 3703 783 3754 cap.
805 3693 828 3738 3.

312 3772 339 3836 2)
357 3768 441 3822 Basil.
460 3767 541 3838 epist.
560 3769 648 3822 LXIII
672 3769 708 3822 ad
731 3769 859 3824 Necatus:
889 3767 989 3824 ἔπειτα
1014 3764 1103 3822 πάλιν
1125 3762 1333 3836 ἐπιτρέψαντες
1354 3759 1397 3822 e‘vl

245 3848 401 3923 κατάρχειν
419 3854 470 3907 τοῦ
488 3852 593 3920 μέλους
612 3851 644 3907 οἷ
655 3845 755 3907 'lomet
774 3851 928 3924 ὑπηχοῦσι.

312 3941 339 4003 3)
358 3935 475 4004 August.
496 3923 608 3992 retract.
628 3938 648 4004 l,
668 3955 728 4007 cap.
749 3945 789 3992 20.

317 4024 344 4086 4)
365 4037 401 4074 66.
421 4037 439 4073 a
457 4023 577 4076 cantore.

314 4108 340 4172 5)
359 4105 489 4160 Fortasse
513 4107 599 4160 verbo
619 4107 676 4161 ‘de’
695 4107 796 4161 omisso
824 4107 878 4160 duo
905 4125 999 4161 versus
1018 4107 1097 4175 quasi
1114 4108 1293 4177 tetrapodiae
1313 4125 1398 4178 spon-

247 4189 343 4244 deicae
362 4189 512 4244 secundum
530 4180 685 4283 verborum=
698 4193 842 4246 accentum
860 4191 1060 4260 pronuntiandi
1078 4192 1153 4245 sunt:

601 4293 703 4348 Omnes
727 4296 774 4361 qui
791 4293 921 4361 gaudetis
939 4295 1021 4362 pace,

599 4378 683 4436 Modo
702 4379 798 4433 verum
815 4377 946 4434 iudicate.
