3242 4956
679 329 890 392 „16-

211 498 345 582 pedibus
378 498 462 562 inter
498 519 531 560 se
564 497 694 580 paribus
727 497 939 580 provolvitur,
972 497 1139 581 rhythmus
1169 498 1354 581 appellatur.

211 607 351 672 Metrum
373 608 567 692 appellatur:
591 608 618 670 si
640 610 673 672 et
695 607 789 671 certis
810 607 944 692 pedibus
968 609 1104 672 curritur
1132 611 1164 672 et
1185 611 1271 673 certo
1294 611 1355 672 ter-

211 719 351 782 minatur
372 719 477 782 modo.
489 717 511 803 ¹)
556 717 594 782 Id
616 721 752 781 metrum
776 719 860 802 quod
883 721 1052 802 antequam
1080 717 1257 800 claudatur,
1290 740 1356 782 non

211 827 308 892 habet
330 831 451 892 certum
473 831 505 892 et
520 831 673 891 statutum
688 828 825 910 aliquem
840 829 1017 912 articulum,
1034 851 1052 890 a
1067 829 1225 892 veteribus
1249 851 1356 892 versus

211 961 277 1003 non
299 940 491 1022 appellatur,
514 961 623 1001 verum
646 939 678 1002 id
700 939 784 1021 quod
806 939 929 1002 duobus
951 939 1102 1002 membris
1125 941 1252 1002 constat
1272 941 1358 1002 certa

211 1070 359 1112 mensura
381 1052 413 1112 et
433 1049 556 1114 ratione
579 1049 765 1112 coniunctis.
775 1049 801 1134 2)

297 1159 394 1242 Apud
416 1159 554 1224 Graecos
576 1162 698 1224 veteres
714 1159 859 1244 singulae
882 1159 1021 1242 syllabae
1044 1159 1089 1222 ita
1104 1159 1176 1222 cani
1198 1159 1355 1242 solebant,

211 1271 247 1332 ut
270 1291 349 1352 quae
372 1273 457 1334 esset
478 1270 513 1333 in
544 1271 634 1353 poesi
662 1273 823 1354 correpta,
852 1269 947 1334 etiam
973 1270 1007 1332 in
1028 1269 1149 1333 musica
1179 1291 1357 1353 perunum

211 1382 351 1463 tempus,
365 1402 454 1464 ‚quae
477 1384 561 1444 esset
582 1380 750 1464 producta,
781 1403 838 1464 per
860 1380 922 1443 duo
945 1383 1090 1463 tempora
1111 1383 1247 1444 sonaret.
1293 1378 1356 1444 Ubi

212 1511 308 1553 unam
331 1490 484 1572 syllabam
508 1491 602 1554 solito
625 1491 727 1575 magis
751 1491 883 1573 produci
906 1490 1063 1573 oportuit,
1094 1489 1206 1554 Graeci
1235 1493 1357 1554 veteres

214 1600 306 1685 signa
329 1601 397 1683 illa,
421 1622 501 1684 quae
524 1601 600 1665 alibi
622 1623 694 1664 eum
709 1601 763 1684 qui
782 1601 898 1664 cecinit
921 1600 1013 1663 silere
1028 1600 1194 1682 iubebant,
1218 1600 1359 1682 syllabae

211 1711 444 1794 superscribere
474 1711 627 1775 solebant.
636 1710 661 1796 ³)
706 1711 921 1796 Augustinus,
956 1711 1010 1794 qui
1038 1710 1072 1773 in
1104 1709 1195 1774 libris
1228 1732 1283 1774 sex
1320 1711 1358 1774 de

211 1821 331 1884 musica
352 1821 516 1886 metricam
539 1821 705 1885 scientiam
719 1821 959 1907 grammaticam
981 1844 999 1884 a
1019 1821 1140 1884 musica
1159 1843 1358 1903 nequaquam

211 1931 359 2014 secrevit,
393 1931 454 1996 hoe
487 1932 557 2014 ipso
586 1931 751 2014 indicavit,
785 1954 841 1994 suo
871 1953 996 2015 quoque
1024 1933 1182 2014 tempore,
1210 1933 1246 1994 ut
1275 1930 1357 2014 apud

212 2041 351 2105 Graecos
375 2045 510 2124 veteres,
534 2042 568 2104 in
591 2045 685 2104 cantu
708 2041 900 2124 syllabarum
922 2040 1156 2124 longitudinem
1172 2041 1358 2124 congruisse

214 2173 285 2214 cunr
308 2152 509 2238 longitudine
531 2173 682 2214 sonorum
704 2151 905 2216 musiconrm.

297 2261 377 2326 Cum
400 2263 510 2345 bynmi
534 2284 631 2344 usqne
654 2263 693 2325 ad
712 2262 858 2346 Gregorii
882 2265 1027 2346 tempora
1041 2262 1210 2345 compositi
1226 2261 1355 2325 musicis

211 2373 312 2458 signis
335 2373 369 2436 in
392 2372 553 2437 codicibus
575 2395 641 2436 non
657 2373 722 2436 sint
737 2372 850 2454 ornati,
873 2373 1005 2436 metrica
1026 2375 1151 2436 tantum
1166 2371 1356 2456 hymnorum

211 2483 313 2547 forma
335 2505 394 2546 nos
416 2483 529 2548 docere
552 2486 673 2566 potest,
696 2505 758 2566 qua
780 2484 845 2546 fere
868 2483 990 2546 ratione
1005 2481 1116 2565 hymni
1132 2506 1151 2546 a
1166 2481 1357 2547 Christianis

212 2593 282 2658 cani
305 2594 390 2658 soliti
420 2595 493 2658 sint.
539 2593 625 2668 Quae
653 2601 778 2658 metrica
799 2599 976 2676 bynmoram
994 2597 1100 2670 forma
1122 2593 1224 2676 qualis
1251 2593 1356 2676 fuerit,

211 2726 296 2768 nunc
319 2704 511 2788 investigare
533 2704 612 2768 mihi
636 2705 738 2768 liccat.
1406 2791 1410 2800 ι

296 2815 377 2880 Cum
400 2815 462 2880 iam
485 2815 627 2899 aprima
649 2815 799 2878 ecclesiae
822 2818 925 2878 aetate
948 2815 1098 2900 dogmata
1113 2813 1296 2878 Christiana
1317 2814 1357 2876 ab

211 2927 369 3010 episcopis
391 2927 493 3011 magis
516 2925 680 3010 magisque
704 2925 939 3008 excolerentur,
967 2925 1054 2988 fuere
1083 2925 1145 2988 iarn
1168 2927 1236 2988 tum
1259 2925 1313 3008 qui
1335 2947 1354 2986 a

212 3036 365 3100 doctrinis
388 3035 553 3102 catholicis
581 3031 806 3119 discreparent.
851 3036 992 3112 Quorum
1020 3034 1177 3118 imprimis
1199 3034 1296 3098 Arius
1326 3037 1358 3098 et

212 3145 408 3210 Bardesanes
430 3145 493 3210 hoc
515 3147 586 3210 loco
609 3145 878 3210 commemorandi
900 3149 985 3210 sunt.
1022 3143 1163 3228 Uterque
1184 3145 1269 3208 enim
1292 3165 1357 3208 car·

211 3257 299 3320 mina
319 3257 460 3320 numeris
483 3257 634 3320 adstricta
656 3257 732 3320 fecit
747 3257 781 3321 in
796 3256 925 3322 modum
945 3254 1137 3340 hymnorum
1153 3257 1356 3336 Graecorum,

212 3389 291 3450 cquae
313 3367 474 3432 doctrinas
497 3389 597 3430 novas
619 3368 744 3450 poetico
768 3389 932 3450 expressos
955 3365 1170 3429 continebant
1216 3363 1356 3432 Athana·

212 3478 276 3540 sius
298 3477 333 3542 in
355 3477 499 3540 oratione
528 3477 630 3560 prima
652 3481 764 3540 contra
786 3477 923 3540 Arianos
951 3475 1059 3538 habita
1086 3495 1280 3556 magnopere
1310 3473 1355 3535 in-

212 3591 320 3672 crepat
341 3588 504 3652 cautiones
527 3587 567 3652 ab
589 3587 667 3652 Ario
695 3587 735 3650 ad
758 3584 884 3648 Sotadis
911 3587 1024 3668 poetae
1051 3605 1200 3668 umueros
1229 3605 1356 3668 compo·

212 3698 298 3762 sitas.
332 3697 422 3764 Illius
444 3697 529 3762 enim
551 3697 670 3762 fractos
692 3696 951 3778 effeminatosque
974 3715 1078 3758 mores
1101 3693 1214 3759 Arium
1229 3693 1357 3760 'llhalias

212 3831 336 3892 quoque
358 3810 462 3893 ipsum
485 3807 652 3874 scribendo
675 3831 743 3872 esse
765 3807 923 3870 imitatum
946 3809 978 3868 et
999 3805 1092 3869 huius
1108 3805 1278 3870 saltatricis
1297 3805 1356 3868 sal-

212 3920 365 3984 tationem
388 3921 453 3984 suis
476 3921 509 3985 iu
532 3919 695 3984 domirmm
718 3917 895 3984 maledictis
919 3917 1064 3982 salbando
1080 3919 1112 3980 et
1134 3915 1270 3979 ludendo
1287 3937 1357 3976 esse

282 4211 305 4274 1)
324 4207 441 4276 Augrrst.
462 4205 497 4262 do
515 4225 584 4262 mus.
605 4207 652 4272 lll,
671 4225 723 4278 cap
754 4215 774 4262 1.

280 4297 307 4358 2)
327 4291 396 4346 lbid.
417 4309 477 4364 cap.
498 4299 521 4346 2.
648 4337 653 4346 .

280 4381 307 4448 8)
326 4378 359 4432 cl.
379 4375 522 4432 Rossbach
541 4376 597 4432 und
615 4375 773 4448 Wcstphal‚
792 4375 970 4430 (lnrrchisebe
989 4373 1090 4430 Metrilr
1110 4393 1136 4444 p.
1157 4379 1192 4426 5-
1208 4377 1232 4428 8.
