3242 4956
736 317 863 379 -126
906 355 946 363 -

269 485 376 551 Verba
405 484 509 571 σεμνὴ
538 484 633 570 βιοτὴ
660 485 746 551 θεὸν
774 484 977 570 ὑμνούντων
1005 487 1186 570 respiciunt
1219 487 1258 550 ad
1280 509 1317 550 ea
1339 509 1420 570 quae

268 598 476 684 praecedunt:
506 599 606 681 ἰχθῦς
635 593 760 679 ἁγνούς
782 601 969 682 panacea?
992 601 1076 682 ζωῇ,
1091 595 1270 679 δελεάζων,
1301 591 1418 680 ‘pisces

269 711 409 772 sacratos
431 709 516 772 unda
543 731 581 772 ex
610 709 726 771 infesta
755 715 888 772 iucundo
918 715 978 772 vitu
1007 709 1168 771 inescans!
1215 712 1328 771 Sancto
1358 715 1419 772 vita

271 817 349 903 (res)
373 840 482 882 eorum
508 818 599 903 (est),
622 818 676 901 qui
698 818 792 882 deum
813 818 945 883 laudant
974 819 1040 904 (Jar
1072 817 1216 902 Heiliges
1239 817 1348 882 Leben
1375 818 1420 882 ist

271 928 361 992 derer
384 928 433 992 die
457 928 537 992 Gott
557 928 698 1011 pronon,
722 929 765 992 ist
780 927 976 1013 Eigenbhum
996 929 1052 992 der
1067 927 1339 1010 Gotbesverehrer‚
1362 928 1419 992 der

269 1037 474 1124 Glbubigen),
497 1060 515 1101 o
537 1038 615 1102 Jesu
641 1037 775 1121 Cirnaba,
798 1061 873 1102 narn
896 1039 945 1102 lac
970 1039 1152 1102 aethereum
1175 1038 1320 1102 dulcibus
1343 1039 1418 1102 ube-

244 1149 353 1226 ¹ribus
377 1169 512 1232 sponsae
534 1150 709 1233 graciarum
731 1151 858 1233 plenae:
888 1149 1062 1233 sapientiae
1084 1151 1172 1231 tuae,
1202 1149 1308 1212 fusum
1338 1151 1417 1213 esii’

236 1271 244 1280 ·
350 1257 428 1322 Vita
450 1259 550 1323 dulcis
579 1263 610 1324 et
638 1263 761 1342 sancia,
791 1282 852 1342 qua
880 1259 1026 1325 Christus
1055 1261 1174 1322 amicos
1203 1281 1277 1321 suos
1301 1282 1338 1322 ex
1362 1281 1417 1322 ne·

267 1369 384 1452 quitiae
408 1370 499 1433 undis
525 1373 666 1434 servatos
694 1371 805 1452 donat,
833 1371 973 1434 nutritur
1003 1371 1085 1434 lacte
1114 1391 1152 1432 ex
1181 1369 1332 1432 uberibus
1361 1369 1416 1434 Sa-

267 1479 422 1562 pientiae,
457 1481 546 1563 quasi
575 1479 695 1544 Christi
729 1502 880 1563 sponsae,
909 1481 989 1545 fuso.
1041 1479 1186 1545 Christus
1214 1480 1282 1562 ipse
1305 1479 1419 1543 deinde

268 1595 445 1668 Sapientiae
467 1612 603 1673 sponsae
626 1589 793 1674 oppositus
817 1591 994 1674 appellatur
1016 1591 1076 1672 via,
1098 1591 1239 1674 verbum,
1263 1587 1413 1676 (veritas),

266 1699 340 1782 viba,
372 1701 425 1762 lux
432 1750 441 1783 ‚
470 1700 706 1765 misericordiae
728 1702 801 1764 fons
808 1751 816 1784 ,
846 1714 948 1766 rector
975 1707 1110 1783 virtutis,
1143 1703 1175 1764 et
1204 1703 1348 1784 rogatur,
1381 1703 1418 1764 ub

267 1833 341 1874 oves
364 1833 452 1874 suas:
484 1823 606 1876 sanctos
624 1833 736 1890 pueros
758 1819 884 1876 inuictos
906 1819 936 1875 iu
959 1819 1037 1876 vium
1059 1818 1178 1875 virtutis
1200 1818 1300 1876 ducor.
1350 1812 1411 1886 Qui

264 1921 353 2003 pueri
376 1921 502 1998 intacti,
525 1923 663 1986 infantes
679 1922 862 2007 (νηπίαχοι)
887 1922 919 1984 in
940 1921 1053 1984 ultima
1074 1921 1206 2005 stropha
1221 1922 1311 2005 quasi
1327 1922 1412 1986 vitae

264 2030 426 2097 doctrinae
447 2033 625 2096 mercedem
648 2031 776 2097 Christo
798 2032 866 2116 regi
889 2031 1014 2095 laudern
1037 2031 1182 2095 oderunt.

348 2141 430 2206 Ounr
451 2143 550 2228 igitur
571 2165 682 2206 sensus
710 2143 829 2225 optime
857 2141 936 2206 mihi
964 2142 1093 2224 faverit,
1121 2144 1225 2206 totum
1252 2142 1409 2225 hymnum

264 2250 349 2315 hunc
378 2253 412 2316 in
439 2253 570 2316 modum
592 2253 760 2336 descripsi:
