3242 4956
718 319 928 382 ,19-

250 505 340 548 mens
363 508 382 548 a
404 489 499 550 cantu
521 506 610 550 sacro
633 487 769 571 relegari
791 488 903 570 vult.¹)
928 487 1124 554 Chromatiei
1145 491 1273 574 generis
1288 491 1396 556 modu-

250 596 386 659 lationes
415 595 551 660 lubricas
580 597 721 680 appellat
755 598 912 680 oppositis
945 597 1098 662 diatonici
1131 602 1258 684 generis
1287 603 1397 666 modu-

250 707 439 790 lationibus,
469 729 546 790 quas
575 729 668 770 sanas
697 710 729 771 et
756 729 881 772 severas
908 730 1025 772 vocans
1055 710 1089 774 in
1116 714 1244 775 uantum
1273 734 1397 776 snorum

248 817 446 900 recipiendas
469 839 537 882 esse
560 817 681 903 dieit.²)
710 817 836 882 Eodum
858 840 930 884 cum
953 821 1057 884 studio
1064 869 1073 904 ,
1097 843 1159 904 quo
1182 844 1282 907 genas
1307 823 1396 887 chro-

249 929 416 1012 malicum,
450 927 618 1012 rhythmos
647 928 801 1011 quosdam
828 929 1024 994 miserabiles
1054 932 1198 1016 castigat.
1208 932 1233 1018 ³)
1278 933 1403 1010 Mirum·

249 1042 355 1102 autem
369 1060 436 1102 non
451 1042 544 1103 estet
557 1038 811 1103 modulationum
827 1043 859 1104 et
872 1039 1095 1123 rhythmorum
1111 1042 1265 1124 quaedam
1276 1065 1394 1128 genera

150 1197 155 1212 ,
249 1171 268 1211 a
291 1149 455 1214 Clemente
478 1171 547 1213 esse
569 1149 775 1234 reprehensa,
799 1172 871 1214 eum
893 1151 949 1214 illo
973 1173 1035 1235 quo
1052 1151 1201 1216 Clemens
1224 1154 1304 1218 vixit
1318 1158 1396 1218 tem-

247 1281 334 1342 pore,
364 1259 485 1324 Graeca
512 1260 634 1323 musiea
655 1260 718 1322 iam
740 1259 832 1324 valde
854 1260 1025 1344 depravata
1046 1261 1151 1326 fuerit.
1197 1261 1260 1327 Sed
1281 1263 1396 1329 nihilo·
1483 1309 1487 1322 .

247 1371 353 1434 minus
377 1369 525 1436 Clemens
541 1369 770 1434 chromaticum
786 1373 911 1434 tantum
926 1394 1027 1456 genus
1043 1395 1079 1436 ae
1094 1373 1268 1466 dissolutos
1286 1374 1396 1458 rhyth-

248 1502 318 1544 mos
330 1482 512 1566 vituperans
527 1487 674 1546 Graecam
689 1487 833 1546 maslaum
845 1482 884 1546 ad
900 1485 1029 1548 cantum
1044 1504 1168 1547 suerum
1184 1483 1396 1550 adhibendam

250 1614 318 1655 esse
342 1593 473 1658 censuit.
504 1598 711 1657 Instrumenta
726 1613 851 1676 quoque
865 1601 990 1677 musica,
1013 1597 1049 1656 ut
1069 1594 1171 1676 lyram
1187 1597 1219 1658 et
1242 1595 1397 1659 eitharam

250 1725 268 1766 a
290 1701 454 1768 Clemente
477 1703 511 1766 in
533 1703 584 1767 dei
606 1703 727 1766 nultum
749 1703 887 1767 admissa
909 1725 977 1768 esse
1000 1703 1037 1768 Ο.
1060 1704 1141 1769 Paul
1163 1707 1274 1769 eontra
1291 1712 1325 1770 A.
1342 1705 1395 1770 W.

249 1814 388 1878 Ambros
411 1812 596 1897 defenditl)
641 1811 762 1888 Quibus
789 1813 1010 1878 instrumentis
1034 1813 1208 1880 Christiani
1235 1837 1302 1879 non
1330 1819 1396 1880 tam

249 1924 283 1986 in
305 1925 402 1990 saeris
425 1924 561 2008 publicis
589 1923 639 1987 usi
662 1944 730 1986 esse
759 1923 922 2008 videntia,
951 1946 1045 2008 quam
1074 1925 1109 1988 in
1130 1931 1286 2009 σσιινινίιό,
1316 1947 1395 2010 quae

249 2057 286 2100 eo
308 2039 451 2119 tempore
475 2033 595 2099 Christi
623 2033 752 2117 eiusque
775 2034 1003 2118 discipulorum
1027 2035 1206 2118 exemplum
1234 2037 1395 2101 imitantes

249 2147 408 2210 celebrare
431 2146 585 2210 solebant.
631 2144 670 2207 In
698 2144 809 2208 eodem
837 2145 922 2208 enim
949 2145 1129 2230 paedagogi
1143 2146 1276 2230 eapite,
1311 2147 1395 2230 quod

247 2257 347 2321 multa
370 2278 449 2340 quae
471 2255 511 2319 ad
532 2255 686 2318 musicam
708 2258 869 2338 spectant,
893 2256 1056 2320 continere
1076 2255 1140 2320 iam
1155 2256 1301 2340 vidimus,
1325 2256 1394 2322 Cle·
1448 2343 1457 2354 .

247 2389 337 2432 mens
367 2368 462 2432 etiam
496 2367 534 2430 de
570 2365 725 2429 eiusmodi
754 2365 907 2430 conviviis
936 2367 1076 2450 loquitur
1103 2367 1292 2452 comparatis
1323 2389 1394 2432 oum

247 2479 302 2562 iis,
331 2501 410 2562 quae
439 2480 471 2542 et
499 2476 613 2541 Graeci
639 2478 761 2540 veteres
784 2479 817 2540 et
845 2475 953 2540 ludaei
982 2477 1141 2541 celebrare
1170 2472 1257 2542 soliti
1284 2478 1392 2565 sint.⁵)

247 2589 368 2666 Quibus
397 2589 431 2652 in
460 2587 614 2652 conviviis
646 2587 770 2650 cantica
803 2587 972 2671 quaedam,
1006 2609 1086 2670 quae
1119 2586 1238 2652 σκόλια
1271 2592 1393 2652 veteres

246 2699 489 2784 appellaverint,
513 2698 634 2762 tantari
656 2697 750 2761 solita
772 2719 840 2762 esse
863 2698 1011 2762 omnibus
1027 2698 1122 2763 simul
1144 2719 1256 2762 vooem
1277 2699 1392 2763 tollen-

245 2811 345 2895 tibus,
378 2830 619 2891 nonnumquam
647 2807 743 2872 etiam
770 2829 960 2892 unoquoque
988 2809 1022 2871 in
1050 2809 1160 2873 ordine
1189 2831 1247 2873 suo
1276 2809 1393 2873 cantici

245 2923 279 2985 in
301 2922 410 2985 orbem
433 2919 593 2985 decantati
620 2917 865 3004 (Rundgesang)
895 2940 1022 2982 versum
1043 2919 1285 3002 pronunciante.
1331 2919 1393 2995 Qui

313 3095 337 3161 1)
356 3091 478 3160 Paadag.
496 3089 545 3143 lib.
563 3089 597 3156 ΙΙ,
616 3105 675 3158 cap.
688 3094 712 3156 4,
729 3089 753 3149 d
767 3095 811 3144 44:
839 3087 1046 3144 καταλειπτέον
1066 3076 1117 3143 οὖν
1135 3083 1187 3152 τάς
1206 3083 1390 3159 χρωματικάς

244 3174 384 3247 ἁρμονίας
403 3184 467 3239 ταῖς
485 3170 627 3246 άχράμοις
645 3177 810 3243 παροινίαις
829 3175 879 3228 καλ
892 3175 927 3244 τῇ
942 3168 1153 3246 άνθοφορούσῃ
1171 3175 1220 3228 καλ
1239 3168 1392 3244 ἓταιρούσῃ

244 3264 376 3335 μουσικῇ.
414 3261 446 3316 of.
466 3261 561 3314 strom.
581 3257 629 3312 lib.
648 3257 695 3325 VI,
714 3275 774 3329 cap.
794 3265 834 3325 11,
852 3259 867 3319 ἓ
886 3264 927 3314 88.

312 3350 338 3416 2)
355 3345 439 3400 Ibid:
466 3346 515 3400 καὶ
538 3337 593 3414 γάρ
619 3337 760 3413 ἁρμονίας
782 3339 982 3415 παραδεκτέον
1000 3341 1052 3406 τάς
1076 3338 1226 3414 σώφρονας
1252 3335 1392 3398 άτιωτάτω

243 3427 288 3488 ὅτί
305 3429 427 3501 μάλιστα
446 3425 621 3493 ἐλαύνοντας
639 3430 691 3499 τῆς
709 3425 871 3498 ἐρρωμένης
892 3423 974 3498 ἡμῶν
992 3429 1127 3490 διανοίας
1150 3423 1202 3492 τάς
1225 3422 1315 3500 ύμράς
1338 3423 1389 3497 άρ-

243 3519 362 3589 μανίας,
377 3517 408 3571 αἳ
420 3517 485 3584 περὶ
497 3509 549 3579 τάς
561 3509 678 3583 καμντάς
690 3515 748 3569 τῶν
760 3507 900 3584 φθόγγων
914 3511 1151 3582 (Schnbrkeleien)
1163 3514 1391 3583 κακοτεχνσύσαι

245 3603 286 3667 εἰς
304 3599 418 3674 θρύψιν
435 3601 485 3656 καλ
505 3601 685 3670 βωμολοχίαν
704 3595 915 3654 ἐκδιαιτῶνται.

312 3691 337 3754 3)
356 3685 439 3740 Ibin:
457 3685 552 3753 μελῶν
563 3679 617 3754 γάρ
629 3703 673 3738 τοι
688 3677 871 3753 κατεαγότων
891 3682 941 3736 καλ
954 3679 1076 3753 βαθμῶν
1095 3684 1202 3752 γοεράν
1220 3684 1271 3752 τῆς
1283 3677 1391 3756 μούσης

242 3775 293 3843 τῆς
312 3772 440 3840 Καρικῆς
464 3767 497 3823 αἱ
517 3772 647 3824 ποικίλαι
671 3774 851 3840 φαρμακεῖαι
874 3769 1083 3838 διαφθείρουσι
1100 3761 1167 3830 τούς
1185 3761 1318 3837 τρόπους.
1355 3770 1389 3822 ef.

242 3858 337 3913 strom.
356 3855 404 3910 lib.
423 3853 470 3921 VI,
489 3871 551 3925 cap.
571 3861 610 3921 11,
629 3855 644 3915 ἓ
662 3860 703 3910 89.

310 3945 337 4010 4)
356 3940 471 3996 Wiener
487 3939 686 4006 Rouessionen,
706 3943 780 3994 1865.
818 3944 856 3993 11.
876 3936 1030 4008 Juhrgang,
1049 3955 1076 4007 p.
1095 3943 1153 3992 228.

310 4030 336 4096 5)
354 4025 478 4094 Paedag.
496 4024 532 4090 11,
556 4029 579 4077 4.
616 4023 630 4084 ξ
653 4029 700 4077 44:
723 4015 813 4086 ούτως
836 4023 885 4077 καλ
908 4021 987 4092 παρά
1004 4021 1094 4078 πότον
1117 4019 1244 4094 καθήκει
1265 4018 1389 4090 ψάλλειν

242 4107 321 4185 αύτῷ
346 4105 412 4173 τούς
438 4105 528 4164 αύτού
550 4103 825 4176 μεταλαμβάνοντας
848 4107 1019 4176 κτισμάτων.
1046 4137 1079 4145 -
1101 4103 1176 4162 άλλά
1198 4109 1247 4162 καλ
1270 4103 1301 4162 ἒν
1327 4116 1390 4172 τοῖς

242 4199 380 4258 παλαιοῖς
390 4189 509 4265 Ἕλλησι
526 4185 606 4264 παρά
623 4191 675 4255 τάς
688 4187 866 4262 σομποτικάς
885 4185 1007 4262 εύωχίας
1025 4193 1075 4246 καὶ
1091 4188 1142 4256 τάς
1160 4187 1389 4260 ε’νιιψεκαζούσας

242 4274 361 4343 κύλικας
375 4275 534 4350 Ἑβραϊκῶν
559 4271 623 4332 κατ’
649 4273 748 4332 είκύνα
770 4279 894 4347 ψαλμῶν
917 4266 995 4350 ᾆσμα
1017 4272 1049 4332 τύ
1071 4271 1251 4347 καλούμενον
1274 4271 1389 4332 σκόλιον
1465 4307 1474 4324 ·

242 4357 336 4435 ᾔδετο.
