<?xml version="1.0" encoding="UTF-8"?>
<!DOCTYPE html PUBLIC "-//W3C//DTD XHTML 1.0 Transitional//EN"
    "http://www.w3.org/TR/xhtml1/DTD/xhtml1-transitional.dtd">
<html xmlns="http://www.w3.org/1999/xhtml" xml:lang="en" lang="en">
 <head>
  <title>
</title>
<meta http-equiv="Content-Type" content="text/html;charset=utf-8" />
  <meta name='ocr-system' content='tesseract 3.04.00' />
  <meta name='ocr-capabilities' content='ocr_page ocr_carea ocr_par ocr_line ocrx_word'/>
</head>
<body>
  <div class='ocr_page' id='page_1' title='image "./dechristianorum00thiegoog_0017.png"; bbox 0 0 3242 4956; ppageno 0'>
   <div class='ocr_carea' id='block_1_1' title="bbox 686 309 894 374">
    <p class='ocr_par' dir='ltr' id='par_1_1' title="bbox 686 309 894 374">
     <span class='ocr_line' id='line_1_1' title="bbox 686 309 894 374; baseline -0.01 -14"><span class='ocrx_word' id='word_1_1' title='bbox 686 309 894 374; x_wconf 78' lang='lat'>-12—</span> 
     </span>
    </p>
   </div>
   <div class='ocr_carea' id='block_1_2' title="bbox 212 481 1359 676">
    <p class='ocr_par' dir='ltr' id='par_1_2' title="bbox 212 481 1359 676">
     <span class='ocr_line' id='line_1_2' title="bbox 213 481 1358 566; baseline -0.001 -19"><span class='ocrx_word' id='word_1_2' title='bbox 213 481 397 547; x_wconf 80' lang='lat' dir='ltr'><strong>Christiano</strong></span> <span class='ocrx_word' id='word_1_3' title='bbox 415 484 541 545; x_wconf 88' lang='lat' dir='ltr'><strong>cantata</strong></span> <span class='ocrx_word' id='word_1_4' title='bbox 556 481 666 564; x_wconf 86' lang='lat' dir='ltr'><strong>fuerit,</strong></span> <span class='ocrx_word' id='word_1_5' title='bbox 690 481 865 544; x_wconf 78' lang='lat' dir='ltr'>accuratius</span> <span class='ocrx_word' id='word_1_6' title='bbox 887 481 1078 564; x_wconf 87' lang='lat' dir='ltr'><strong>perscrutari</strong></span> <span class='ocrx_word' id='word_1_7' title='bbox 1093 481 1202 566; x_wconf 83' lang='lat' dir='ltr'><strong>magni</strong></span> <span class='ocrx_word' id='word_1_8' title='bbox 1217 481 1358 546; x_wconf 87' lang='lat' dir='ltr'><strong>interest.</strong></span> 
     </span>
     <span class='ocr_line' id='line_1_3' title="bbox 212 591 1359 676; baseline -0.001 -20"><span class='ocrx_word' id='word_1_9' title='bbox 212 591 412 676; x_wconf 77' lang='lat' dir='ltr'><strong>Augustinus</strong></span> <span class='ocrx_word' id='word_1_10' title='bbox 440 595 514 676; x_wconf 92' lang='lat' dir='ltr'><strong>post</strong></span> <span class='ocrx_word' id='word_1_11' title='bbox 536 613 646 655; x_wconf 91' lang='lat' dir='ltr'><strong>vocem</strong></span> <span class='ocrx_word' id='word_1_12' title='bbox 670 595 820 670; x_wconf 80' lang='lat' dir='ltr'><strong>‘alleluja’</strong></span> <span class='ocrx_word' id='word_1_13' title='bbox 850 613 869 654; x_wconf 86' lang='lat' dir='ltr'>a</span> <span class='ocrx_word' id='word_1_14' title='bbox 896 591 1015 676; x_wconf 91' lang='lat' dir='ltr'><strong>populo</strong></span> <span class='ocrx_word' id='word_1_15' title='bbox 1044 593 1203 656; x_wconf 84' lang='lat' dir='ltr'><strong>cantatam</strong></span> <span class='ocrx_word' id='word_1_16' title='bbox 1225 591 1359 655; x_wconf 92' lang='lat' dir='ltr'><strong>iubilum</strong></span> 
     </span>
    </p>
   </div>
   <div class='ocr_carea' id='block_1_3' title="bbox 214 701 1421 800">
    <p class='ocr_par' dir='ltr' id='par_1_3' title="bbox 214 701 1421 800">
     <span class='ocr_line' id='line_1_4' title="bbox 214 701 1421 800; baseline -0.002 -34"><span class='ocrx_word' id='word_1_17' title='bbox 214 702 312 766; x_wconf 87' lang='lat' dir='ltr'><strong>fuisse</strong></span> <span class='ocrx_word' id='word_1_18' title='bbox 333 703 485 786; x_wconf 89' lang='lat' dir='ltr'><strong>narrat,¹)</strong></span> <span class='ocrx_word' id='word_1_19' title='bbox 509 701 592 766; x_wconf 89' lang='lat' dir='ltr'><strong>unde</strong></span> <span class='ocrx_word' id='word_1_20' title='bbox 607 701 751 765; x_wconf 87' lang='lat' dir='ltr'><strong>ultimam</strong></span> <span class='ocrx_word' id='word_1_21' title='bbox 767 701 921 784; x_wconf 79' lang='lat' dir='ltr'>syllabam</span> <span class='ocrx_word' id='word_1_22' title='bbox 944 723 981 765; x_wconf 91' lang='lat' dir='ltr'><strong>eo</strong></span> <span class='ocrx_word' id='word_1_23' title='bbox 1003 701 1067 800; x_wconf 82' lang='lat' dir='ltr'><strong>iapr</strong></span> <span class='ocrx_word' id='word_1_24' title='bbox 1089 704 1232 786; x_wconf 91' lang='lat' dir='ltr'><strong>tempore</strong></span> <span class='ocrx_word' id='word_1_25' title='bbox 1254 701 1288 764; x_wconf 92' lang='lat' dir='ltr'><strong>in</strong></span> <span class='ocrx_word' id='word_1_26' title='bbox 1310 723 1359 765; x_wconf 93' lang='lat' dir='ltr'><strong>ca·</strong></span> <span class='ocrx_word' id='word_1_27' title='bbox 1417 761 1421 774; x_wconf 79' lang='grc'>,</span> 
     </span>
    </p>
   </div>
   <div class='ocr_carea' id='block_1_4' title="bbox 212 811 1360 1336">
    <p class='ocr_par' dir='ltr' id='par_1_4' title="bbox 212 811 1360 1336">
     <span class='ocr_line' id='line_1_5' title="bbox 212 811 1360 895; baseline -0.002 -19"><span class='ocrx_word' id='word_1_28' title='bbox 212 812 317 876; x_wconf 86' lang='lat' dir='ltr'><strong>nendo</strong></span> <span class='ocrx_word' id='word_1_29' title='bbox 352 812 461 876; x_wconf 91' lang='lat' dir='ltr'><strong>eadem</strong></span> <span class='ocrx_word' id='word_1_30' title='bbox 494 811 561 876; x_wconf 87' lang='lat' dir='ltr'><strong>fere</strong></span> <span class='ocrx_word' id='word_1_31' title='bbox 588 811 712 875; x_wconf 90' lang='lat' dir='ltr'><strong>ratione</strong></span> <span class='ocrx_word' id='word_1_32' title='bbox 734 813 928 894; x_wconf 85' lang='lat' dir='ltr'><strong>protractam</strong></span> <span class='ocrx_word' id='word_1_33' title='bbox 962 833 1030 875; x_wconf 88' lang='lat' dir='ltr'><strong>esse</strong></span> <span class='ocrx_word' id='word_1_34' title='bbox 1058 813 1204 895; x_wconf 85' lang='lat' dir='ltr'><strong>apparet,</strong></span> <span class='ocrx_word' id='word_1_35' title='bbox 1232 833 1294 894; x_wconf 88' lang='lat' dir='ltr'><strong>qua</strong></span> <span class='ocrx_word' id='word_1_36' title='bbox 1326 811 1360 874; x_wconf 91' lang='lat' dir='ltr'><strong>in</strong></span> 
     </span>
     <span class='ocr_line' id='line_1_6' title="bbox 212 920 1360 1005; baseline -0.001 -19"><span class='ocrx_word' id='word_1_37' title='bbox 212 922 308 986; x_wconf 88' lang='lat' dir='ltr'><strong>medii</strong></span> <span class='ocrx_word' id='word_1_38' title='bbox 336 922 404 986; x_wconf 86' lang='lat' dir='ltr'><strong>aevi</strong></span> <span class='ocrx_word' id='word_1_39' title='bbox 433 921 605 1005; x_wconf 82' lang='lat' dir='ltr'><strong>sequentiis</strong></span> <span class='ocrx_word' id='word_1_40' title='bbox 628 921 661 985; x_wconf 91' lang='lat' dir='ltr'><strong>id</strong></span> <span class='ocrx_word' id='word_1_41' title='bbox 692 921 812 986; x_wconf 87' lang='lat' dir='ltr'><strong>factum</strong></span> <span class='ocrx_word' id='word_1_42' title='bbox 846 943 915 985; x_wconf 89' lang='lat' dir='ltr'><strong>esse</strong></span> <span class='ocrx_word' id='word_1_43' title='bbox 944 923 1079 985; x_wconf 88' lang='lat' dir='ltr'><strong>constat.</strong></span> <span class='ocrx_word' id='word_1_44' title='bbox 1123 920 1227 986; x_wconf 91' lang='lat' dir='ltr'><strong>Nemo</strong></span> <span class='ocrx_word' id='word_1_45' title='bbox 1257 921 1360 985; x_wconf 84' lang='lat' dir='ltr'><strong>adhuc</strong></span> 
     </span>
     <span class='ocr_line' id='line_1_7' title="bbox 212 1031 1359 1116; baseline -0.002 -19"><span class='ocrx_word' id='word_1_46' title='bbox 212 1032 288 1097; x_wconf 89' lang='lat' dir='ltr'><strong>satis</strong></span> <span class='ocrx_word' id='word_1_47' title='bbox 312 1031 481 1116; x_wconf 86' lang='lat' dir='ltr'><strong>quaesivit,</strong></span> <span class='ocrx_word' id='word_1_48' title='bbox 513 1053 668 1114; x_wconf 88' lang='lat' dir='ltr'><strong>quaenam</strong></span> <span class='ocrx_word' id='word_1_49' title='bbox 690 1053 784 1095; x_wconf 89' lang='lat' dir='ltr'><strong>causa</strong></span> <span class='ocrx_word' id='word_1_50' title='bbox 805 1031 915 1114; x_wconf 79' lang='lat' dir='ltr'><strong>fucrit,</strong></span> <span class='ocrx_word' id='word_1_51' title='bbox 945 1053 1000 1096; x_wconf 90' lang='lat' dir='ltr'><strong>cur</strong></span> <span class='ocrx_word' id='word_1_52' title='bbox 1022 1031 1134 1094; x_wconf 89' lang='lat' dir='ltr'><strong>ultima</strong></span> <span class='ocrx_word' id='word_1_53' title='bbox 1156 1031 1243 1094; x_wconf 87' lang='lat' dir='ltr'><strong>vocis</strong></span> <span class='ocrx_word' id='word_1_54' title='bbox 1272 1031 1359 1096; x_wconf 73' lang='lat' dir='ltr'><strong>‘alle-</strong></span> 
     </span>
     <span class='ocr_line' id='line_1_8' title="bbox 212 1140 1359 1226; baseline -0.002 -20"><span class='ocrx_word' id='word_1_55' title='bbox 212 1143 288 1226; x_wconf 86' lang='lat' dir='ltr'><strong>luja&#39;</strong></span> <span class='ocrx_word' id='word_1_56' title='bbox 313 1142 435 1226; x_wconf 88' lang='lat' dir='ltr'>syllaba</span> <span class='ocrx_word' id='word_1_57' title='bbox 456 1141 491 1205; x_wconf 91' lang='lat' dir='ltr'><strong>in</strong></span> <span class='ocrx_word' id='word_1_58' title='bbox 514 1144 609 1206; x_wconf 88' lang='lat' dir='ltr'><strong>cantu</strong></span> <span class='ocrx_word' id='word_1_59' title='bbox 630 1140 875 1226; x_wconf 90' lang='lat' dir='ltr'><strong>protraheretur.</strong></span> <span class='ocrx_word' id='word_1_60' title='bbox 900 1140 982 1207; x_wconf 83' lang='lat' dir='ltr'><strong>Sunt</strong></span> <span class='ocrx_word' id='word_1_61' title='bbox 1003 1141 1140 1225; x_wconf 88' lang='lat' dir='ltr'><strong>quidem,</strong></span> <span class='ocrx_word' id='word_1_62' title='bbox 1163 1141 1217 1225; x_wconf 93' lang='lat' dir='ltr'><strong>qui</strong></span> <span class='ocrx_word' id='word_1_63' title='bbox 1240 1141 1359 1225; x_wconf 90' lang='lat' dir='ltr'><strong>dicant,</strong></span> 
     </span>
     <span class='ocr_line' id='line_1_9' title="bbox 213 1251 1359 1336; baseline 0 -20"><span class='ocrx_word' id='word_1_64' title='bbox 213 1251 413 1318; x_wconf 83' lang='lat' dir='ltr'><strong>Christianos</strong></span> <span class='ocrx_word' id='word_1_65' title='bbox 435 1251 544 1316; x_wconf 87' lang='lat' dir='ltr'><strong>divino</strong></span> <span class='ocrx_word' id='word_1_66' title='bbox 568 1252 705 1336; x_wconf 88' lang='lat' dir='ltr'><strong>quodam</strong></span> <span class='ocrx_word' id='word_1_67' title='bbox 726 1252 833 1316; x_wconf 87' lang='lat' dir='ltr'><strong>furore</strong></span> <span class='ocrx_word' id='word_1_68' title='bbox 848 1251 997 1335; x_wconf 90' lang='lat' dir='ltr'><strong>impletos</strong></span> <span class='ocrx_word' id='word_1_69' title='bbox 1018 1251 1165 1315; x_wconf 89' lang='lat' dir='ltr'><strong>intimam</strong></span> <span class='ocrx_word' id='word_1_70' title='bbox 1180 1251 1359 1316; x_wconf 88' lang='lat' dir='ltr'><strong>animorum</strong></span> 
     </span>
    </p>
   </div>
   <div class='ocr_carea' id='block_1_5' title="bbox 212 1360 1359 1998">
    <p class='ocr_par' dir='ltr' id='par_1_5' title="bbox 212 1360 1359 1889">
     <span class='ocr_line' id='line_1_10' title="bbox 213 1360 1359 1446; baseline -0.001 -19"><span class='ocrx_word' id='word_1_71' title='bbox 213 1363 460 1428; x_wconf 91' lang='lat' dir='ltr'><strong>commotionem</strong></span> <span class='ocrx_word' id='word_1_72' title='bbox 489 1363 576 1428; x_wconf 88' lang='lat' dir='ltr'><strong>sonis</strong></span> <span class='ocrx_word' id='word_1_73' title='bbox 598 1363 662 1427; x_wconf 92' lang='lat' dir='ltr'><strong>illis</strong></span> <span class='ocrx_word' id='word_1_74' title='bbox 691 1362 883 1446; x_wconf 75' lang='lat' dir='ltr'><strong>expressisse</strong></span> <span class='ocrx_word' id='word_1_75' title='bbox 904 1361 1155 1446; x_wconf 85' lang='lat' dir='ltr'><strong>iubilantibus.²)</strong></span> <span class='ocrx_word' id='word_1_76' title='bbox 1202 1360 1263 1426; x_wconf 82' lang='lat' dir='ltr'><strong>Sed</strong></span> <span class='ocrx_word' id='word_1_77' title='bbox 1285 1361 1359 1426; x_wconf 86' lang='lat' dir='ltr'><strong>talis</strong></span> 
     </span>
     <span class='ocr_line' id='line_1_11' title="bbox 213 1471 1358 1557; baseline -0.001 -20"><span class='ocrx_word' id='word_1_78' title='bbox 213 1473 448 1557; x_wconf 86' lang='lat' dir='ltr'><strong>interpretatio,</strong></span> <span class='ocrx_word' id='word_1_79' title='bbox 472 1473 630 1557; x_wconf 86' lang='lat' dir='ltr'><strong>quamvis,</strong></span> <span class='ocrx_word' id='word_1_80' title='bbox 653 1477 690 1536; x_wconf 93' lang='lat' dir='ltr'><strong>ut</strong></span> <span class='ocrx_word' id='word_1_81' title='bbox 711 1473 850 1556; x_wconf 79' lang='lat' dir='ltr'><strong>videtur,</strong></span> <span class='ocrx_word' id='word_1_82' title='bbox 874 1473 914 1536; x_wconf 91' lang='lat' dir='ltr'><strong>ab</strong></span> <span class='ocrx_word' id='word_1_83' title='bbox 936 1471 1119 1556; x_wconf 74' lang='lat' dir='ltr'><strong>Augustino</strong></span> <span class='ocrx_word' id='word_1_84' title='bbox 1134 1471 1204 1555; x_wconf 91' lang='lat' dir='ltr'><strong>ipso</strong></span> <span class='ocrx_word' id='word_1_85' title='bbox 1224 1471 1358 1536; x_wconf 91' lang='lat' dir='ltr'><strong>iubilum</strong></span> 
     </span>
     <span class='ocr_line' id='line_1_12' title="bbox 212 1579 1358 1668; baseline -0.002 -20"><span class='ocrx_word' id='word_1_86' title='bbox 212 1582 309 1648; x_wconf 86' lang='lat' dir='ltr'><strong>fuisse</strong></span> <span class='ocrx_word' id='word_1_87' title='bbox 333 1587 407 1668; x_wconf 92' lang='lat' dir='ltr'><strong>post</strong></span> <span class='ocrx_word' id='word_1_88' title='bbox 427 1605 539 1648; x_wconf 87' lang='lat' dir='ltr'><strong>vocem</strong></span> <span class='ocrx_word' id='word_1_89' title='bbox 561 1583 712 1667; x_wconf 74' lang='lat' dir='ltr'><strong>‘alleluja&#39;</strong></span> <span class='ocrx_word' id='word_1_90' title='bbox 736 1583 861 1648; x_wconf 80' lang='lat' dir='ltr'><strong>dicente</strong></span> <span class='ocrx_word' id='word_1_91' title='bbox 876 1582 1029 1664; x_wconf 88' lang='lat' dir='ltr'><strong>indicata,</strong></span> <span class='ocrx_word' id='word_1_92' title='bbox 1053 1579 1132 1646; x_wconf 91' lang='lat' dir='ltr'><strong>mihi</strong></span> <span class='ocrx_word' id='word_1_93' title='bbox 1148 1603 1275 1646; x_wconf 83' lang='lat' dir='ltr'><strong>causam</strong></span> <span class='ocrx_word' id='word_1_94' title='bbox 1291 1581 1358 1646; x_wconf 88' lang='lat' dir='ltr'><strong>eius</strong></span> 
     </span>
     <span class='ocr_line' id='line_1_13' title="bbox 212 1691 1359 1779; baseline -0.001 -21"><span class='ocrx_word' id='word_1_95' title='bbox 212 1693 258 1758; x_wconf 89' lang='lat' dir='ltr'><strong>rei</strong></span> <span class='ocrx_word' id='word_1_96' title='bbox 279 1693 432 1758; x_wconf 85' lang='lat' dir='ltr'><strong>musicam</strong></span> <span class='ocrx_word' id='word_1_97' title='bbox 461 1693 624 1779; x_wconf 85' lang='lat' dir='ltr'><strong>quaerenti</strong></span> <span class='ocrx_word' id='word_1_98' title='bbox 652 1715 717 1758; x_wconf 90' lang='lat' dir='ltr'><strong>non</strong></span> <span class='ocrx_word' id='word_1_99' title='bbox 747 1692 873 1757; x_wconf 87' lang='lat' dir='ltr'><strong>sufficit.</strong></span> <span class='ocrx_word' id='word_1_100' title='bbox 918 1691 967 1756; x_wconf 84' lang='lat' dir='ltr'><strong>Ac</strong></span> <span class='ocrx_word' id='word_1_101' title='bbox 989 1691 1068 1756; x_wconf 92' lang='lat' dir='ltr'><strong>mihi</strong></span> <span class='ocrx_word' id='word_1_102' title='bbox 1091 1691 1218 1776; x_wconf 88' lang='lat' dir='ltr'><strong>quidem</strong></span> <span class='ocrx_word' id='word_1_103' title='bbox 1246 1691 1359 1757; x_wconf 85' lang='lat' dir='ltr'><strong>ultima</strong></span> 
     </span>
     <span class='ocr_line' id='line_1_14' title="bbox 213 1802 1196 1889; baseline -0.001 -22"><span class='ocrx_word' id='word_1_104' title='bbox 213 1803 334 1889; x_wconf 86' lang='lat' dir='ltr'>syllaba</span> <span class='ocrx_word' id='word_1_105' title='bbox 356 1807 487 1888; x_wconf 90' lang='lat' dir='ltr'><strong>propter</strong></span> <span class='ocrx_word' id='word_1_106' title='bbox 508 1811 600 1882; x_wconf 64' lang='lat' dir='ltr'><strong>lenem</strong></span> <span class='ocrx_word' id='word_1_107' title='bbox 613 1811 769 1876; x_wconf 81' lang='lat' dir='ltr'><strong>metricum</strong></span> <span class='ocrx_word' id='word_1_108' title='bbox 790 1805 952 1886; x_wconf 88' lang='lat' dir='ltr'><strong>protracta</strong></span> <span class='ocrx_word' id='word_1_109' title='bbox 973 1824 1041 1866; x_wconf 92' lang='lat' dir='ltr'><strong>esse</strong></span> <span class='ocrx_word' id='word_1_110' title='bbox 1064 1802 1196 1866; x_wconf 86' lang='lat' dir='ltr'><strong>videtur.</strong></span> 
     </span>
    </p>

    <p class='ocr_par' dir='ltr' id='par_1_6' title="bbox 297 1912 1356 1998">
     <span class='ocr_line' id='line_1_15' title="bbox 297 1912 1356 1998; baseline -0.002 -20"><span class='ocrx_word' id='word_1_111' title='bbox 297 1913 361 1979; x_wconf 93' lang='lat' dir='ltr'><strong>Uni</strong></span> <span class='ocrx_word' id='word_1_112' title='bbox 381 1913 505 1978; x_wconf 91' lang='lat' dir='ltr'><strong>homini</strong></span> <span class='ocrx_word' id='word_1_113' title='bbox 519 1914 699 1998; x_wconf 90' lang='lat' dir='ltr'><strong>prosaicum</strong></span> <span class='ocrx_word' id='word_1_114' title='bbox 713 1914 871 1997; x_wconf 87' lang='lat' dir='ltr'><strong>psalmum</strong></span> <span class='ocrx_word' id='word_1_115' title='bbox 886 1912 1013 1977; x_wconf 80' lang='lat' dir='ltr'><strong>canenti</strong></span> <span class='ocrx_word' id='word_1_116' title='bbox 1029 1913 1170 1998; x_wconf 88' lang='lat' dir='ltr'><strong>singulas</strong></span> <span class='ocrx_word' id='word_1_117' title='bbox 1187 1913 1356 1977; x_wconf 90' lang='lat' dir='ltr'><strong>verborum</strong></span> 
     </span>
    </p>
   </div>
   <div class='ocr_carea' id='block_1_6' title="bbox 211 2023 1359 3875">
    <p class='ocr_par' dir='ltr' id='par_1_7' title="bbox 211 2023 1359 3875">
     <span class='ocr_line' id='line_1_16' title="bbox 212 2023 1357 2109; baseline -0.002 -21"><span class='ocrx_word' id='word_1_118' title='bbox 212 2025 350 2108; x_wconf 87' lang='lat' dir='ltr'>syllabas</span> <span class='ocrx_word' id='word_1_119' title='bbox 377 2025 550 2089; x_wconf 90' lang='lat' dir='ltr'><strong>secundum</strong></span> <span class='ocrx_word' id='word_1_120' title='bbox 577 2024 871 2109; x_wconf 87' lang='lat' dir='ltr'><strong>pronuntiationem</strong></span> <span class='ocrx_word' id='word_1_121' title='bbox 898 2023 1062 2108; x_wconf 85' lang='lat' dir='ltr'><strong>vulgarem</strong></span> <span class='ocrx_word' id='word_1_122' title='bbox 1090 2023 1189 2088; x_wconf 89' lang='lat' dir='ltr'><strong>libere</strong></span> <span class='ocrx_word' id='word_1_123' title='bbox 1217 2045 1357 2108; x_wconf 89' lang='lat' dir='ltr'><strong>pronun·</strong></span> 
     </span>
     <span class='ocr_line' id='line_1_17' title="bbox 212 2132 1357 2220; baseline -0.003 -21"><span class='ocrx_word' id='word_1_124' title='bbox 212 2135 291 2200; x_wconf 88' lang='lat' dir='ltr'><strong>tiare</strong></span> <span class='ocrx_word' id='word_1_125' title='bbox 314 2135 401 2220; x_wconf 79' lang='lat' dir='ltr'><strong>licet3</strong></span> <span class='ocrx_word' id='word_1_126' title='bbox 431 2135 555 2199; x_wconf 86' lang='lat' dir='ltr'><strong>sivero</strong></span> <span class='ocrx_word' id='word_1_127' title='bbox 580 2135 783 2218; x_wconf 87' lang='lat' dir='ltr'><strong>duotresve‚</strong></span> <span class='ocrx_word' id='word_1_128' title='bbox 812 2134 929 2198; x_wconf 89' lang='lat' dir='ltr'><strong>nedum</strong></span> <span class='ocrx_word' id='word_1_129' title='bbox 956 2132 1050 2196; x_wconf 92' lang='lat' dir='ltr'><strong>multi</strong></span> <span class='ocrx_word' id='word_1_130' title='bbox 1078 2133 1223 2198; x_wconf 88' lang='lat' dir='ltr'><strong>homines</strong></span> <span class='ocrx_word' id='word_1_131' title='bbox 1253 2133 1357 2196; x_wconf 91' lang='lat' dir='ltr'><strong>conci-</strong></span> 
     </span>
     <span class='ocr_line' id='line_1_18' title="bbox 212 2244 1357 2328; baseline -0.003 -19"><span class='ocrx_word' id='word_1_132' title='bbox 212 2249 308 2328; x_wconf 86' lang='lat' dir='ltr'><strong>nunt,</strong></span> <span class='ocrx_word' id='word_1_133' title='bbox 337 2247 430 2309; x_wconf 91' lang='lat' dir='ltr'><strong>antea</strong></span> <span class='ocrx_word' id='word_1_134' title='bbox 452 2245 536 2310; x_wconf 91' lang='lat' dir='ltr'><strong>inter</strong></span> <span class='ocrx_word' id='word_1_135' title='bbox 558 2267 612 2309; x_wconf 90' lang='lat' dir='ltr'><strong>eos</strong></span> <span class='ocrx_word' id='word_1_136' title='bbox 635 2244 821 2309; x_wconf 84' lang='lat' dir='ltr'><strong>convenisse</strong></span> <span class='ocrx_word' id='word_1_137' title='bbox 844 2246 984 2328; x_wconf 84' lang='lat' dir='ltr'><strong>oportet,</strong></span> <span class='ocrx_word' id='word_1_138' title='bbox 1013 2265 1070 2328; x_wconf 92' lang='lat' dir='ltr'><strong>per</strong></span> <span class='ocrx_word' id='word_1_139' title='bbox 1098 2247 1251 2328; x_wconf 89' lang='lat' dir='ltr'><strong>quantum</strong></span> <span class='ocrx_word' id='word_1_140' title='bbox 1279 2245 1357 2306; x_wconf 87' lang='lat' dir='ltr'><strong>tem·</strong></span> 
     </span>
     <span class='ocr_line' id='line_1_19' title="bbox 213 2353 1357 2440; baseline -0.002 -22"><span class='ocrx_word' id='word_1_141' title='bbox 213 2356 299 2440; x_wconf 89' lang='lat' dir='ltr'><strong>poris</strong></span> <span class='ocrx_word' id='word_1_142' title='bbox 315 2355 453 2439; x_wconf 87' lang='lat' dir='ltr'><strong>spatium</strong></span> <span class='ocrx_word' id='word_1_143' title='bbox 469 2355 613 2440; x_wconf 85' lang='lat' dir='ltr'><strong>singulae</strong></span> <span class='ocrx_word' id='word_1_144' title='bbox 629 2355 768 2438; x_wconf 87' lang='lat' dir='ltr'><strong>syllabae</strong></span> <span class='ocrx_word' id='word_1_145' title='bbox 783 2376 860 2418; x_wconf 84' lang='lat' dir='ltr'><strong>voce</strong></span> <span class='ocrx_word' id='word_1_146' title='bbox 876 2353 1078 2418; x_wconf 87' lang='lat' dir='ltr'><strong>sustinendae</strong></span> <span class='ocrx_word' id='word_1_147' title='bbox 1101 2354 1182 2418; x_wconf 91' lang='lat' dir='ltr'><strong>sint:</strong></span> <span class='ocrx_word' id='word_1_148' title='bbox 1205 2353 1357 2437; x_wconf 85' lang='lat' dir='ltr'><strong>alioquin,</strong></span> 
     </span>
     <span class='ocr_line' id='line_1_20' title="bbox 212 2463 1357 2549; baseline 0 -21"><span class='ocrx_word' id='word_1_149' title='bbox 212 2465 239 2529; x_wconf 94' lang='lat' dir='ltr'><strong>si</strong></span> <span class='ocrx_word' id='word_1_150' title='bbox 261 2464 343 2530; x_wconf 90' lang='lat' dir='ltr'><strong>hanc</strong></span> <span class='ocrx_word' id='word_1_151' title='bbox 366 2463 521 2549; x_wconf 90' lang='lat' dir='ltr'>syllabam</span> <span class='ocrx_word' id='word_1_152' title='bbox 542 2465 671 2529; x_wconf 89' lang='lat' dir='ltr'><strong>brevem</strong></span> <span class='ocrx_word' id='word_1_153' title='bbox 693 2465 762 2548; x_wconf 88' lang='lat' dir='ltr'><strong>ille,</strong></span> <span class='ocrx_word' id='word_1_154' title='bbox 790 2465 843 2529; x_wconf 91' lang='lat' dir='ltr'><strong>hic</strong></span> <span class='ocrx_word' id='word_1_155' title='bbox 870 2465 1049 2549; x_wconf 86' lang='lat' dir='ltr'><strong>longiorem</strong></span> <span class='ocrx_word' id='word_1_156' title='bbox 1078 2463 1279 2548; x_wconf 88' lang='lat' dir='ltr'><strong>pronuntiet,</strong></span> <span class='ocrx_word' id='word_1_157' title='bbox 1308 2487 1357 2528; x_wconf 87' lang='lat' dir='ltr'><strong>ca·</strong></span> 
     </span>
     <span class='ocr_line' id='line_1_21' title="bbox 211 2573 1356 2658; baseline -0.003 -18"><span class='ocrx_word' id='word_1_158' title='bbox 211 2579 324 2640; x_wconf 91' lang='lat' dir='ltr'><strong>nentes</strong></span> <span class='ocrx_word' id='word_1_159' title='bbox 350 2575 435 2639; x_wconf 89' lang='lat' dir='ltr'><strong>inter</strong></span> <span class='ocrx_word' id='word_1_160' title='bbox 462 2597 496 2639; x_wconf 90' lang='lat' dir='ltr'><strong>se</strong></span> <span class='ocrx_word' id='word_1_161' title='bbox 524 2574 758 2640; x_wconf 90' lang='lat' dir='ltr'><strong>discordaturos</strong></span> <span class='ocrx_word' id='word_1_162' title='bbox 782 2597 850 2639; x_wconf 87' lang='lat' dir='ltr'><strong>esse</strong></span> <span class='ocrx_word' id='word_1_163' title='bbox 873 2577 1012 2658; x_wconf 89' lang='lat' dir='ltr'><strong>apparet.</strong></span> <span class='ocrx_word' id='word_1_164' title='bbox 1059 2573 1092 2638; x_wconf 87' lang='lat' dir='ltr'><strong>Si</strong></span> <span class='ocrx_word' id='word_1_165' title='bbox 1123 2573 1267 2658; x_wconf 84' lang='lat' dir='ltr'><strong>singulae</strong></span> <span class='ocrx_word' id='word_1_166' title='bbox 1295 2575 1356 2657; x_wconf 86' lang='lat' dir='ltr'>syl·</span> 
     </span>
     <span class='ocr_line' id='line_1_22' title="bbox 215 2683 1357 2770; baseline -0.001 -21"><span class='ocrx_word' id='word_1_167' title='bbox 215 2685 304 2750; x_wconf 86' lang='lat' dir='ltr'><strong>labae</strong></span> <span class='ocrx_word' id='word_1_168' title='bbox 333 2685 417 2749; x_wconf 91' lang='lat' dir='ltr'><strong>idem</strong></span> <span class='ocrx_word' id='word_1_169' title='bbox 450 2685 602 2770; x_wconf 90' lang='lat' dir='ltr'><strong>temporis</strong></span> <span class='ocrx_word' id='word_1_170' title='bbox 637 2685 775 2770; x_wconf 86' lang='lat' dir='ltr'><strong>spatium</strong></span> <span class='ocrx_word' id='word_1_171' title='bbox 808 2685 953 2770; x_wconf 87' lang='lat' dir='ltr'><strong>explent,</strong></span> <span class='ocrx_word' id='word_1_172' title='bbox 986 2684 1136 2748; x_wconf 78' lang='lat' dir='ltr'><strong>facillime</strong></span> <span class='ocrx_word' id='word_1_173' title='bbox 1169 2683 1357 2748; x_wconf 88' lang='lat' dir='ltr'><strong>concinitur.</strong></span> 
     </span>
     <span class='ocr_line' id='line_1_23' title="bbox 213 2793 1358 2880; baseline -0.003 -20"><span class='ocrx_word' id='word_1_174' title='bbox 213 2795 325 2878; x_wconf 86' lang='lat' dir='ltr'><strong>Neque</strong></span> <span class='ocrx_word' id='word_1_175' title='bbox 348 2795 556 2860; x_wconf 85' lang='lat' dir='ltr'><strong>dubitandum</strong></span> <span class='ocrx_word' id='word_1_176' title='bbox 585 2799 647 2880; x_wconf 87' lang='lat' dir='ltr'><strong>est,</strong></span> <span class='ocrx_word' id='word_1_177' title='bbox 677 2795 753 2880; x_wconf 92' lang='lat' dir='ltr'><strong>quin</strong></span> <span class='ocrx_word' id='word_1_178' title='bbox 781 2795 876 2860; x_wconf 89' lang='lat' dir='ltr'><strong>etiam</strong></span> <span class='ocrx_word' id='word_1_179' title='bbox 906 2793 1080 2860; x_wconf 81' lang='lat' dir='ltr'><strong>Christiani</strong></span> <span class='ocrx_word' id='word_1_180' title='bbox 1107 2794 1267 2879; x_wconf 77' lang='lat' dir='ltr'><strong>prosaicos</strong></span> <span class='ocrx_word' id='word_1_181' title='bbox 1295 2795 1358 2858; x_wconf 88' lang='lat' dir='ltr'><strong>for·</strong></span> 
     </span>
     <span class='ocr_line' id='line_1_24' title="bbox 213 2904 1358 2981; baseline -0.002 -11"><span class='ocrx_word' id='word_1_182' title='bbox 213 2906 314 2970; x_wconf 92' lang='lat' dir='ltr'><strong>mulas</strong></span> <span class='ocrx_word' id='word_1_183' title='bbox 338 2907 543 2970; x_wconf 85' lang='lat' dir='ltr'><strong>concinentes</strong></span> <span class='ocrx_word' id='word_1_184' title='bbox 566 2907 649 2970; x_wconf 88' lang='lat' dir='ltr'><strong>idem</strong></span> <span class='ocrx_word' id='word_1_185' title='bbox 672 2905 814 2970; x_wconf 88' lang='lat' dir='ltr'><strong>fecerint.</strong></span> <span class='ocrx_word' id='word_1_186' title='bbox 859 2905 920 2981; x_wconf 86' lang='lat' dir='ltr'><strong>Qui</strong></span> <span class='ocrx_word' id='word_1_187' title='bbox 938 2905 971 2968; x_wconf 92' lang='lat' dir='ltr'><strong>in</strong></span> <span class='ocrx_word' id='word_1_188' title='bbox 986 2904 1128 2969; x_wconf 85' lang='lat' dir='ltr'><strong>canendo</strong></span> <span class='ocrx_word' id='word_1_189' title='bbox 1144 2927 1258 2968; x_wconf 89' lang='lat' dir='ltr'><strong>sonum</strong></span> <span class='ocrx_word' id='word_1_190' title='bbox 1272 2905 1358 2968; x_wconf 87' lang='lat' dir='ltr'><strong>vocis</strong></span> 
     </span>
     <span class='ocr_line' id='line_1_25' title="bbox 213 3014 1358 3100; baseline -0.002 -20"><span class='ocrx_word' id='word_1_191' title='bbox 213 3017 257 3080; x_wconf 88' lang='lat' dir='ltr'><strong>ito</strong></span> <span class='ocrx_word' id='word_1_192' title='bbox 273 3015 467 3098; x_wconf 87' lang='lat' dir='ltr'><strong>modulatur,</strong></span> <span class='ocrx_word' id='word_1_193' title='bbox 491 3019 526 3079; x_wconf 90' lang='lat' dir='ltr'><strong>ut</strong></span> <span class='ocrx_word' id='word_1_194' title='bbox 540 3016 685 3100; x_wconf 84' lang='lat' dir='ltr'><strong>singulae</strong></span> <span class='ocrx_word' id='word_1_195' title='bbox 700 3016 839 3099; x_wconf 86' lang='lat' dir='ltr'>syllabae</span> <span class='ocrx_word' id='word_1_196' title='bbox 854 3015 937 3078; x_wconf 90' lang='lat' dir='ltr'><strong>inter</strong></span> <span class='ocrx_word' id='word_1_197' title='bbox 953 3037 986 3078; x_wconf 90' lang='lat' dir='ltr'><strong>sc</strong></span> <span class='ocrx_word' id='word_1_198' title='bbox 1002 3037 1093 3098; x_wconf 87' lang='lat' dir='ltr'><strong>pares</strong></span> <span class='ocrx_word' id='word_1_199' title='bbox 1110 3015 1184 3098; x_wconf 85' lang='lat' dir='ltr'><strong>sint,</strong></span> <span class='ocrx_word' id='word_1_200' title='bbox 1207 3014 1358 3098; x_wconf 86' lang='lat' dir='ltr'><strong>rhythmo</strong></span> 
     </span>
     <span class='ocr_line' id='line_1_26' title="bbox 213 3125 1359 3209; baseline -0.002 -19"><span class='ocrx_word' id='word_1_201' title='bbox 213 3126 321 3190; x_wconf 90' lang='lat' dir='ltr'><strong>utitur.</strong></span> <span class='ocrx_word' id='word_1_202' title='bbox 366 3125 411 3190; x_wconf 93' lang='lat' dir='ltr'><strong>Ut</strong></span> <span class='ocrx_word' id='word_1_203' title='bbox 438 3125 523 3190; x_wconf 90' lang='lat' dir='ltr'><strong>enim</strong></span> <span class='ocrx_word' id='word_1_204' title='bbox 552 3127 673 3190; x_wconf 92' lang='lat' dir='ltr'><strong>duobus</strong></span> <span class='ocrx_word' id='word_1_205' title='bbox 695 3125 829 3209; x_wconf 86' lang='lat' dir='ltr'><strong>pedibus</strong></span> <span class='ocrx_word' id='word_1_206' title='bbox 858 3125 903 3189; x_wconf 91' lang='lat' dir='ltr'><strong>ire</strong></span> <span class='ocrx_word' id='word_1_207' title='bbox 931 3125 1084 3208; x_wconf 86' lang='lat' dir='ltr'><strong>solemus,</strong></span> <span class='ocrx_word' id='word_1_208' title='bbox 1117 3147 1250 3209; x_wconf 91' lang='lat' dir='ltr'><strong>qnorum</strong></span> <span class='ocrx_word' id='word_1_209' title='bbox 1279 3125 1359 3190; x_wconf 84' lang='lat' dir='ltr'><strong>alter</strong></span> 
     </span>
     <span class='ocr_line' id='line_1_27' title="bbox 212 3235 1357 3320; baseline -0.001 -20"><span class='ocrx_word' id='word_1_210' title='bbox 212 3235 346 3300; x_wconf 84' lang='lat' dir='ltr'><strong>ultorum</strong></span> <span class='ocrx_word' id='word_1_211' title='bbox 375 3236 485 3300; x_wconf 86' lang='lat' dir='ltr'><strong>eodem</strong></span> <span class='ocrx_word' id='word_1_212' title='bbox 519 3259 643 3320; x_wconf 88' lang='lat' dir='ltr'><strong>semper</strong></span> <span class='ocrx_word' id='word_1_213' title='bbox 675 3236 828 3320; x_wconf 83' lang='lat' dir='ltr'><strong>temporis</strong></span> <span class='ocrx_word' id='word_1_214' title='bbox 856 3236 959 3320; x_wconf 89' lang='lat' dir='ltr'><strong>spatio</strong></span> <span class='ocrx_word' id='word_1_215' title='bbox 990 3235 1179 3320; x_wconf 89' lang='lat' dir='ltr'><strong>interposito</strong></span> <span class='ocrx_word' id='word_1_216' title='bbox 1207 3236 1357 3320; x_wconf 86' lang='lat' dir='ltr'><strong>sequitur,</strong></span> 
     </span>
     <span class='ocr_line' id='line_1_28' title="bbox 212 3346 1357 3431; baseline -0.002 -21"><span class='ocrx_word' id='word_1_217' title='bbox 212 3347 257 3410; x_wconf 86' lang='lat' dir='ltr'><strong>ita</strong></span> <span class='ocrx_word' id='word_1_218' title='bbox 285 3347 380 3410; x_wconf 91' lang='lat' dir='ltr'><strong>etiam</strong></span> <span class='ocrx_word' id='word_1_219' title='bbox 409 3346 462 3430; x_wconf 93' lang='lat' dir='ltr'><strong>qui</strong></span> <span class='ocrx_word' id='word_1_220' title='bbox 490 3347 627 3430; x_wconf 88' lang='lat' dir='ltr'>syllabas</span> <span class='ocrx_word' id='word_1_221' title='bbox 650 3347 733 3410; x_wconf 90' lang='lat' dir='ltr'><strong>inter</strong></span> <span class='ocrx_word' id='word_1_222' title='bbox 761 3369 908 3431; x_wconf 86' lang='lat' dir='ltr'><strong>separes</strong></span> <span class='ocrx_word' id='word_1_223' title='bbox 931 3350 986 3411; x_wconf 89' lang='lat' dir='ltr'><strong>aut</strong></span> <span class='ocrx_word' id='word_1_224' title='bbox 1013 3347 1099 3410; x_wconf 90' lang='lat' dir='ltr'><strong>canit</strong></span> <span class='ocrx_word' id='word_1_225' title='bbox 1126 3349 1181 3410; x_wconf 89' lang='lat' dir='ltr'><strong>aut</strong></span> <span class='ocrx_word' id='word_1_226' title='bbox 1207 3349 1357 3410; x_wconf 85' lang='lat' dir='ltr'><strong>sonantes</strong></span> 
     </span>
     <span class='ocr_line' id='line_1_29' title="bbox 211 3455 1357 3544; baseline 0 -24"><span class='ocrx_word' id='word_1_227' title='bbox 211 3455 313 3540; x_wconf 86' lang='lat' dir='ltr'><strong>audit,</strong></span> <span class='ocrx_word' id='word_1_228' title='bbox 337 3457 421 3520; x_wconf 87' lang='lat' dir='ltr'><strong>binis</strong></span> <span class='ocrx_word' id='word_1_229' title='bbox 443 3457 572 3540; x_wconf 87' lang='lat' dir='ltr'><strong>paribus</strong></span> <span class='ocrx_word' id='word_1_230' title='bbox 594 3457 790 3542; x_wconf 87' lang='lat' dir='ltr'><strong>temporibus</strong></span> <span class='ocrx_word' id='word_1_231' title='bbox 814 3457 1025 3544; x_wconf 75' lang='lat' dir='ltr'><strong>(Zeitgrbssc‚</strong></span> <span class='ocrx_word' id='word_1_232' title='bbox 1048 3457 1200 3540; x_wconf 73' lang='grc' dir='ltr'>σημεῖον)</span> <span class='ocrx_word' id='word_1_233' title='bbox 1219 3455 1357 3540; x_wconf 69' lang='lat' dir='ltr'>syllaba</span> 
     </span>
     <span class='ocr_line' id='line_1_30' title="bbox 212 3565 1356 3652; baseline 0 -22"><span class='ocrx_word' id='word_1_234' title='bbox 212 3567 344 3631; x_wconf 87' lang='lat' dir='ltr'><strong>scandit.</strong></span> <span class='ocrx_word' id='word_1_235' title='bbox 374 3565 634 3652; x_wconf 80' lang='lat' dir='ltr'><strong>Simplicissimus</strong></span> <span class='ocrx_word' id='word_1_236' title='bbox 661 3566 713 3632; x_wconf 92' lang='lat' dir='ltr'><strong>hic</strong></span> <span class='ocrx_word' id='word_1_237' title='bbox 735 3567 903 3652; x_wconf 87' lang='lat' dir='ltr'><strong>rhythmus</strong></span> <span class='ocrx_word' id='word_1_238' title='bbox 932 3567 1054 3632; x_wconf 84' lang='lat' dir='ltr'><strong>duobus</strong></span> <span class='ocrx_word' id='word_1_239' title='bbox 1082 3565 1279 3650; x_wconf 86' lang='lat' dir='ltr'><strong>temporibus</strong></span> <span class='ocrx_word' id='word_1_240' title='bbox 1305 3565 1356 3630; x_wconf 73' lang='lat' dir='ltr'><strong>cle·</strong></span> 
     </span>
     <span class='ocr_line' id='line_1_31' title="bbox 212 3677 1356 3762; baseline 0.001 -21"><span class='ocrx_word' id='word_1_241' title='bbox 212 3699 340 3741; x_wconf 88' lang='lat' dir='ltr'><strong>currens</strong></span> <span class='ocrx_word' id='word_1_242' title='bbox 363 3677 466 3762; x_wconf 90' lang='lat' dir='ltr'><strong>primo</strong></span> <span class='ocrx_word' id='word_1_243' title='bbox 494 3681 618 3742; x_wconf 86' lang='lat' dir='ltr'><strong>tuntum</strong></span> <span class='ocrx_word' id='word_1_244' title='bbox 646 3683 789 3762; x_wconf 91' lang='lat' dir='ltr'><strong>tempore</strong></span> <span class='ocrx_word' id='word_1_245' title='bbox 815 3679 987 3762; x_wconf 84' lang='lat' dir='ltr'><strong>incipiente</strong></span> <span class='ocrx_word' id='word_1_246' title='bbox 1015 3677 1110 3742; x_wconf 86' lang='lat' dir='ltr'><strong>etiam</strong></span> <span class='ocrx_word' id='word_1_247' title='bbox 1133 3677 1217 3742; x_wconf 85' lang='lat' dir='ltr'><strong>finiri</strong></span> <span class='ocrx_word' id='word_1_248' title='bbox 1241 3681 1356 3762; x_wconf 71' lang='lat' dir='ltr'><strong>patrat,</strong></span> 
     </span>
     <span class='ocr_line' id='line_1_32' title="bbox 213 3787 1355 3875; baseline 0.002 -25"><span class='ocrx_word' id='word_1_249' title='bbox 213 3789 248 3850; x_wconf 92' lang='lat' dir='ltr'><strong>ut</strong></span> <span class='ocrx_word' id='word_1_250' title='bbox 272 3793 393 3852; x_wconf 85' lang='lat' dir='ltr'><strong>certum</strong></span> <span class='ocrx_word' id='word_1_251' title='bbox 415 3789 511 3854; x_wconf 90' lang='lat' dir='ltr'><strong>finem</strong></span> <span class='ocrx_word' id='word_1_252' title='bbox 540 3789 569 3854; x_wconf 92' lang='lat' dir='ltr'><strong>ei</strong></span> <span class='ocrx_word' id='word_1_253' title='bbox 591 3789 775 3874; x_wconf 89' lang='lat' dir='ltr'><strong>impositum</strong></span> <span class='ocrx_word' id='word_1_254' title='bbox 802 3811 871 3852; x_wconf 88' lang='lat' dir='ltr'><strong>esse</strong></span> <span class='ocrx_word' id='word_1_255' title='bbox 900 3788 1085 3852; x_wconf 84' lang='lat' dir='ltr'><strong>sentiamus.</strong></span> <span class='ocrx_word' id='word_1_256' title='bbox 1096 3787 1123 3875; x_wconf 83' lang='lat'><strong>³)</strong></span> <span class='ocrx_word' id='word_1_257' title='bbox 1167 3787 1240 3852; x_wconf 83' lang='lat' dir='ltr'><strong>Vox</strong></span> <span class='ocrx_word' id='word_1_258' title='bbox 1269 3789 1355 3852; x_wconf 81' lang='lat' dir='ltr'><strong>‘alle-</strong></span> 
     </span>
    </p>
   </div>
   <div class='ocr_carea' id='block_1_7' title="bbox 211 4015 1355 4430">
    <p class='ocr_par' dir='ltr' id='par_1_8' title="bbox 212 4015 1353 4172">
     <span class='ocr_line' id='line_1_33' title="bbox 282 4015 1353 4088; baseline -0.001 -17"><span class='ocrx_word' id='word_1_259' title='bbox 282 4023 306 4086; x_wconf 84' lang='grc'><strong>1)</strong></span> <span class='ocrx_word' id='word_1_260' title='bbox 326 4019 441 4088; x_wconf 80' lang='lat' dir='ltr'><strong>August.</strong></span> <span class='ocrx_word' id='word_1_261' title='bbox 460 4037 550 4074; x_wconf 83' lang='lat' dir='ltr'><strong>enarr.</strong></span> <span class='ocrx_word' id='word_1_262' title='bbox 569 4017 598 4072; x_wconf 90' lang='lat' dir='ltr'><strong>in</strong></span> <span class='ocrx_word' id='word_1_263' title='bbox 616 4037 655 4088; x_wconf 84' lang='lat' dir='ltr'><strong>ps.</strong></span> <span class='ocrx_word' id='word_1_264' title='bbox 676 4025 717 4074; x_wconf 81' lang='lat'><strong>32.</strong></span> <span class='ocrx_word' id='word_1_265' title='bbox 745 4035 770 4072; x_wconf 90' lang='lat' dir='ltr'><strong>u.</strong></span> <span class='ocrx_word' id='word_1_266' title='bbox 790 4025 814 4072; x_wconf 85' lang='grc'><strong>8.</strong></span> <span class='ocrx_word' id='word_1_267' title='bbox 843 4017 875 4070; x_wconf 86' lang='lat' dir='ltr'><strong>rl&#39;.</strong></span> <span class='ocrx_word' id='word_1_268' title='bbox 897 4015 1056 4088; x_wconf 85' lang='lat' dir='ltr'><strong>llierouym.</strong></span> <span class='ocrx_word' id='word_1_269' title='bbox 1082 4019 1111 4072; x_wconf 85' lang='lat' dir='ltr'><strong>et</strong></span> <span class='ocrx_word' id='word_1_270' title='bbox 1133 4015 1301 4072; x_wconf 84' lang='lat' dir='ltr'><strong>Theodorct.</strong></span> <span class='ocrx_word' id='word_1_271' title='bbox 1326 4015 1353 4070; x_wconf 86' lang='lat' dir='ltr'><strong>in</strong></span> 
     </span>
     <span class='ocr_line' id='line_1_34' title="bbox 212 4102 493 4172; baseline 0.004 -16"><span class='ocrx_word' id='word_1_272' title='bbox 212 4103 330 4158; x_wconf 87' lang='lat' dir='ltr'><strong>cundem</strong></span> <span class='ocrx_word' id='word_1_273' title='bbox 348 4102 493 4172; x_wconf 83' lang='lat' dir='ltr'><strong>psahuunr.</strong></span> 
     </span>
    </p>

    <p class='ocr_par' dir='ltr' id='par_1_9' title="bbox 279 4186 1289 4256">
     <span class='ocr_line' id='line_1_35' title="bbox 279 4186 1289 4256; baseline -0.002 -14"><span class='ocrx_word' id='word_1_274' title='bbox 279 4193 305 4254; x_wconf 73' lang='lat'><strong>⁶2)</strong></span> <span class='ocrx_word' id='word_1_275' title='bbox 326 4189 359 4242; x_wconf 86' lang='lat' dir='ltr'><strong>cl.</strong></span> <span class='ocrx_word' id='word_1_276' title='bbox 379 4187 408 4242; x_wconf 75' lang='lat' dir='ltr'><strong>F.</strong></span> <span class='ocrx_word' id='word_1_277' title='bbox 429 4187 526 4242; x_wconf 84' lang='lat' dir='ltr'><strong>Woltl&#39;:</strong></span> <span class='ocrx_word' id='word_1_278' title='bbox 546 4187 637 4242; x_wconf 86' lang='lat' dir='ltr'><strong>Uehor</strong></span> <span class='ocrx_word' id='word_1_279' title='bbox 655 4187 700 4242; x_wconf 86' lang='lat' dir='ltr'><strong>dic</strong></span> <span class='ocrx_word' id='word_1_280' title='bbox 718 4187 794 4254; x_wconf 81' lang='lat' dir='ltr'><strong>Lais,</strong></span> <span class='ocrx_word' id='word_1_281' title='bbox 813 4189 974 4256; x_wconf 79' lang='lat' dir='ltr'><strong>Sequcnacn</strong></span> <span class='ocrx_word' id='word_1_282' title='bbox 994 4187 1048 4240; x_wconf 86' lang='lat' dir='ltr'><strong>und</strong></span> <span class='ocrx_word' id='word_1_283' title='bbox 1068 4186 1167 4240; x_wconf 79' lang='lat' dir='ltr'><strong>haicho</strong></span> <span class='ocrx_word' id='word_1_284' title='bbox 1186 4205 1212 4256; x_wconf 91' lang='lat' dir='ltr'><strong>p.</strong></span> <span class='ocrx_word' id='word_1_285' title='bbox 1232 4193 1289 4242; x_wconf 75' lang='lat'><strong>285.</strong></span> 
     </span>
    </p>

    <p class='ocr_par' dir='ltr' id='par_1_10' title="bbox 211 4269 1355 4430">
     <span class='ocr_line' id='line_1_36' title="bbox 278 4269 1355 4344; baseline 0 -18"><span class='ocrx_word' id='word_1_286' title='bbox 278 4275 305 4338; x_wconf 76' lang='grc'><strong>3)</strong></span> <span class='ocrx_word' id='word_1_287' title='bbox 336 4273 370 4326; x_wconf 84' lang='lat' dir='ltr'><strong>cl.</strong></span> <span class='ocrx_word' id='word_1_288' title='bbox 403 4271 439 4326; x_wconf 86' lang='lat' dir='ltr'><strong>M.</strong></span> <span class='ocrx_word' id='word_1_289' title='bbox 470 4273 667 4344; x_wconf 78' lang='lat' dir='ltr'><strong>llauptruouu‚</strong></span> <span class='ocrx_word' id='word_1_290' title='bbox 701 4271 752 4328; x_wconf 86' lang='lat' dir='ltr'><strong>Dic</strong></span> <span class='ocrx_word' id='word_1_291' title='bbox 782 4272 871 4326; x_wconf 85' lang='lat' dir='ltr'><strong>Nator</strong></span> <span class='ocrx_word' id='word_1_292' title='bbox 905 4271 955 4328; x_wconf 88' lang='lat' dir='ltr'><strong>dor</strong></span> <span class='ocrx_word' id='word_1_293' title='bbox 985 4269 1139 4328; x_wconf 83' lang='lat' dir='ltr'><strong>llarmonilr</strong></span> <span class='ocrx_word' id='word_1_294' title='bbox 1170 4271 1226 4326; x_wconf 88' lang='lat' dir='ltr'><strong>und</strong></span> <span class='ocrx_word' id='word_1_295' title='bbox 1255 4271 1355 4326; x_wconf 84' lang='lat' dir='ltr'><strong>Metrik</strong></span> 
     </span>
     <span class='ocr_line' id='line_1_37' title="bbox 211 4363 399 4430; baseline 0 -18"><span class='ocrx_word' id='word_1_296' title='bbox 211 4375 236 4430; x_wconf 91' lang='lat' dir='ltr'><strong>p.</strong></span> <span class='ocrx_word' id='word_1_297' title='bbox 256 4363 399 4414; x_wconf 68' lang='lat' dir='ltr'><strong>tet-297.</strong></span> 
     </span>
    </p>
   </div>
   <div class='ocr_carea' id='block_1_8' title="bbox 0 0 1626 4956">
    <p class='ocr_par' dir='ltr' id='par_1_11' title="bbox 0 0 1626 4956">
     <span class='ocr_line' id='line_1_38' title="bbox 0 0 1626 4956; baseline 0 0"><span class='ocrx_word' id='word_1_298' title='bbox 0 0 1626 4956; x_wconf 95' lang='lat' dir='ltr'><strong> </strong></span> 
     </span>
    </p>
   </div>
  </div>
 </body>
</html>
