3242 4956
696 327 909 392 ..20-

231 498 337 562 autem
358 497 496 562 musices
518 497 685 581 peritiores
707 497 840 580 fuerint,
864 497 959 561 etiam
975 497 1014 561 ad
1029 497 1130 580 lyram
1146 498 1309 562 cecinisse.
1338 497 1379 562 In

230 606 317 672 hune
338 608 469 672 modum
492 607 519 672 si
541 608 612 692 quis
635 605 891 672 Christianorum
913 608 953 672 ad
974 609 1076 692 lyram
1097 609 1149 672 vel
1164 608 1204 672 ad
1221 608 1376 673 citharam

230 740 343 782 canere
365 718 457 802 velit,
485 718 632 783 Clemens
655 740 727 782 eum
748 740 815 782 non
837 718 999 804 obiurgat,
1029 741 1102 784 cum
1129 720 1225 784 etiam
1247 719 1377 784 Iudaeo·

229 851 300 893 rum
321 851 377 894 rex
400 829 510 896 eadem
531 829 655 893 ratione
677 829 771 894 deum
793 829 976 894 laudaverit.
987 828 1012 916 ¹)
1057 829 1119 895 sed
1135 830 1289 914 amatoria
1305 852 1376 894 ean-

228 939 293 1004 tioa
315 963 333 1004 a
356 939 612 1004 Christianorum
636 940 789 1004 conviviis
812 941 909 1025 longe
931 940 1066 1026 relegari
1096 943 1129 1004 et
1149 940 1286 1024 hymnos
1308 943 1376 1005 tan-

229 1054 299 1116 tum
320 1050 354 1114 in
376 1050 502 1114 laudem
524 1049 585 1114 Dei
608 1051 803 1134 compositos
826 1051 947 1115 cantari
969 1051 1066 1116 iubet.

313 1160 423 1224 Talem
445 1159 599 1243 hymnum
622 1163 678 1224 aut
699 1161 824 1244 abipso
847 1161 1025 1245 profectum
1032 1160 1068 1246 ²),
1092 1163 1147 1224 aut
1161 1163 1304 1246 tempore
1319 1162 1376 1226 illo

227 1271 291 1336 iam
313 1271 466 1338 usitatum
475 1270 501 1356 3)
525 1269 673 1336 Clemens
695 1271 866 1336 memoriae
886 1271 1028 1356 prodidit
1043 1272 1077 1335 in
1098 1272 1162 1336 fine
1183 1273 1371 1358 paedagogi,

227 1382 282 1446 nbi
305 1379 434 1446 Christo
457 1381 644 1466 paedagogo
668 1382 855 1446 eruditionis
877 1383 1003 1447 laudem
1029 1383 1135 1448 offerri
1157 1383 1238 1448 bene
1262 1405 1374 1448 conve-

226 1492 296 1556 nire
318 1491 444 1576 dixit.⁴)

311 1687 430 1754 Omnes
459 1687 633 1754 Clementis
660 1687 871 1754 Alexandrini
892 1690 1029 1754 editores
1055 1689 1131 1754 etii
1154 1690 1208 1774 qui
1236 1689 1374 1774 hymnos

226 1797 482 1864 Christianorum
504 1799 748 1890 collegenmt⁵),
771 1799 926 1883 hymnum
948 1801 1039 1865 illum
1054 1801 1265 1884 anapaesticis
1287 1801 1375 1885 pedi-

225 1910 284 1974 bus
307 1910 526 1974 decmrentem
548 1909 582 1974 in
604 1910 752 1974 metricas
773 1913 880 1995 partes
902 1912 948 1975 ita
969 1911 1214 1995 descripserunt,
1242 1913 1278 1976 ut
1300 1933 1374 1996 qus-

225 2023 299 2084 tuor
325 2042 434 2086 versus
457 2020 612 2104 hymnum
639 2020 828 2104 incipientes
857 2021 1004 2106 dipodiae
1032 2025 1239 2106 sequerentur
1265 2022 1374 2106 paucis

226 2131 412 2215 tetrapodiis
440 2131 642 2196 intermixtis.
692 2131 794 2196 Istum
823 2131 857 2196 in
889 2133 1020 2198 modum
1055 2132 1176 2216 hymno
1204 2132 1373 2215 dispertito

226 2241 439 2308 Rambachius
462 2245 548 2306 recte
569 2241 735 2306 metricam
756 2242 1026 2327 pulchritudinem
1049 2265 1118 2308 esse
1141 2241 1283 2328 negatl)
1327 2241 1373 2306 At

225 2374 285 2438 ego
308 2353 436 2436 quidem
456 2351 576 2435 hymno
599 2355 736 2418 metrum
762 2352 1011 2437 pulcherrimum
1033 2356 1127 2438 atque
1153 2354 1193 2418 ed
1221 2352 1374 2418 musicum

223 2463 473 2528 modulationem
495 2463 695 2546 aptissimum
717 2463 853 2529 vindico.
881 2463 998 2528 Totum
1020 2464 1106 2529 enim
1127 2463 1282 2548 hymnum
1297 2466 1375 2548 post

225 2595 351 2638 versum
385 2575 532 2658 quartum
565 2574 600 2639 in
627 2573 822 2659 tetrapodias
855 2574 1023 2659 descripsi,
1058 2574 1198 2659 primum
1228 2575 1313 2659 quod
1341 2573 1375 2638 in

225 2684 345 2767 hymno
373 2684 547 2748 nonnullae
573 2685 769 2768 tetrapodias
797 2688 886 2770 sunt,
920 2707 1000 2770 quae
1033 2686 1067 2750 in
1101 2685 1247 2770 dipodiae
1275 2684 1374 2750 dividi

225 2795 452 2880 nonpossint,
481 2794 595 2860 deinde
618 2794 703 2880 quod
724 2795 759 2860 in
780 2795 889 2880 lyricis
913 2795 1107 2862 Graecorum
1135 2799 1278 2862 veterum
1308 2817 1373 2860 car-

225 2905 364 2970 minibus
393 2906 573 2990 tetrapodia
600 2907 711 2972 eodem
738 2906 804 2971 fere
832 2908 943 2991 modo,
978 2929 1040 2991 quo
1069 2908 1104 2972 in
1130 2907 1253 2972 musica
1279 2906 1374 2971 hodie

224 3015 342 3081 usitata
363 3019 588 3100 quaternorum
609 3017 726 3102 pedum
741 3017 934 3083 musicorum
951 3039 1128 3101 connexus,
1150 3017 1374 3104 praevaluiu),

226 3125 361 3210 denique
383 3125 483 3210 quod,
512 3149 584 3192 cum
611 3126 708 3213 longe
737 3127 921 3213 saepissime
943 3127 1037 3192 binae
1059 3127 1206 3212 dipodiae
1228 3127 1312 3192 inter
1340 3149 1374 3192 se

225 3237 456 3322 respondeant,
479 3237 648 3302 verborum
671 3260 782 3304 sensus
804 3239 861 3304 tali
884 3239 1042 3304 connexui
1063 3238 1194 3325 favet.‘’)

295 3461 319 3528 1)
337 3457 422 3514 leid:
441 3450 496 3514 adv
507 3453 578 3530 node
605 3453 733 3528 κιθάραν
751 3451 919 3530 ἐθελήσῃςῆ
932 3455 1021 3524 λύραν
1035 3452 1120 3534 ᾄδειν
1132 3476 1162 3512 τε
1175 3457 1224 3512 καὶ
1236 3457 1362 3524 ψάλλειν

225 3547 321 3616 μῶμος
349 3539 402 3600 osis
421 3541 508 3614 ἔστιν,
523 3537 778 3615 Ἐβραῖονμιμήσῃ
792 3545 907 3600 δι’καιαν
926 3541 1047 3612 βασιλέα
1062 3536 1229 3612 εὐχάριστον
1247 3543 1285 3616 τῷ
1299 3525 1372 3618 dreyls

293 3633 319 3698 2)
338 3629 503 3696 (herbertus,
522 3627 557 3684 de
576 3629 659 3684 cantu
677 3629 706 3683 et
723 3645 790 3683 mus.
810 3646 831 3683 s.
850 3629 919 3683 tom.
938 3627 959 3694 1,
977 3645 1003 3698 p.
1023 3633 1064 3682 75.

293 3717 320 3782 3)
339 3713 476 3786 Georgius
494 3713 598 3782 Rullus,
616 3713 721 3768 defens.
740 3713 786 3768 fid.
805 3713 864 3768 Nic.
883 3713 900 3768 l.
920 3731 943 3768 c.

292 3801 319 3863 4)
338 3800 409 3870 Opp.
430 3797 563 3854 clement.
583 3796 648 3854 edit.
666 3815 779 3868 recogn.
798 3797 830 3854 u.
850 3797 938 3854 Klots.
956 3797 1030 3870 Lipe.
1051 3801 1126 3854 1881.
1142 3799 1174 3856 Ι.
1201 3817 1229 3872 p.
1249 3806 1299 3856 347
1312 3817 1372 3868 squ.

293 3887 319 3952 5)
347 3883 458 3952 Daniel,
480 3885 602 3940 thesaur.
626 3883 748 3954 hymnol
771 3885 837 3940 tom.
857 3883 905 3952 111,
931 3901 958 3954 p.
977 3889 1051 3939 3-4.
1088 3883 1241 3952 humbech,
1265 3885 1370 3940 Antho-

225 3967 300 4038 loffl'e
319 3967 422 4024 christl.
442 3968 504 4024 Ges.
523 3970 544 4038 I,
561 3989 589 4042 p.
610 3976 718 4026 36-39.

293 4057 320 4116 e)
338 4052 496 4120 humbech,
515 4054 627 4109 huthol.
646 4055 666 4120 1,
684 4073 711 4126 p.
731 4061 772 4110 3⁴.

293 4141 318 4204 7)
338 4139 370 4192 ef.
391 4137 534 4194 Rossbach
552 4139 608 4193 und
625 4139 786 4211 Westpbul,
804 4139 982 4196 Griechische
1000 4141 1110 4204 Metrilr.
1129 4157 1155 4212 p.
1174 4147 1198 4194 4.

295 4225 321 4288 Β)
345 4221 537 4276 Ferdinandus
559 4224 655 4294 Piper,
687 4225 735 4294 qui
757 4225 891 4296 hymnum
917 4225 1018 4292 edidit,
1050 4224 1202 4295 Gottingae
1227 4229 1305 4290 1836,
1326 4224 1373 4280 hic

138 4294 144 4306 ’
228 4303 305 4372 illuc,
322 4304 372 4362 ubi
389 4323 484 4362 sensus
502 4307 625 4378 flagitat,
643 4309 723 4366 binas
741 4309 869 4382 dipodiae
890 4311 1040 4366 coniunxit.
1077 4309 1132 4365 Sed
1156 4309 1264 4364 tanturn
1283 4308 1372 4376 abest,

226 4391 258 4446 ut
275 4406 371 4448 versus
389 4391 492 4446 rectius
510 4391 698 4460 constituerit,
717 4395 748 4448 ut
766 4397 885 4448 murtrum
903 4395 993 4464 magis
1010 4393 1224 4466 perturbaverit
