3242 4956
685 300 897 364 -31-

307 473 369 537 Sed
397 495 438 536 ne
467 471 547 535 haec
579 471 706 554 quidem
733 469 852 552 hymni»
874 469 1044 551 descriptio
1073 468 1244 532 secundum
1274 469 1371 532 verba

223 586 349 646 tantum
372 604 562 665 sensumque
589 582 674 645 faeta
696 579 776 662 mihi
804 579 930 643 suffieit.
975 578 1112 642 Causam
1141 579 1225 642 enim
1255 599 1369 662 quaero

221 695 403 776 metricam,
436 715 490 756 cur
512 684 746 776 paroemiacum
770 691 835 753 sive
857 689 1069 773 tetrapodiam
1097 689 1246 772 strophae
1274 689 1370 752 finem
1425 677 1427 685 ¹

222 807 440 886 imponentem
463 803 592 886 dipodia
612 799 790 886 praecedat.

268 893 270 900 .
299 913 535 996 Hephaestion,
552 913 599 976 ed.
616 903 774 976 Teubneri
789 935 819 994 p.
835 912 893 976 177
911 911 1003 974 dicit:
1019 906 1056 974 τὸ
1073 907 1110 974 δὲ
1126 906 1369 974 ἀναπαιστικόν

223 1020 306 1088 κατὰ
329 1024 487 1087 διποόίαν
508 1026 671 1106 βαίνεται.
716 1021 761 1086 Ut
783 1025 889 1084 autem
912 1021 1034 1084 duobus
1055 1020 1189 1104 pedibus
1218 1020 1265 1083 ire
1288 1021 1368 1084 sole-

220 1155 290 1197 mus
297 1183 306 1216 ,
332 1135 389 1198 'ita
426 1135 522 1197 etiam
558 1132 812 1214 anapaesticum,
844 1131 864 1194 i.
900 1154 925 1195 e.
959 1135 1095 1194 metrum
1132 1123 1369 1214 anapaesticum

218 1245 345 1330 generis
379 1243 528 1324 dactylici
566 1241 704 1324 (μέτρον
738 1237 983 1304 ἀναπαιστικόν
1016 1241 1136 1322 νένονς
1164 1241 1370 1304 aasentias

220 1377 275 1417 seu
299 1353 390 1427 ἴσον)
423 1352 543 1413 duabus
567 1349 705 1432 dipodiis
735 1351 912 1434 scanditur,
941 1372 1074 1433 quarum
1101 1373 1263 1414 connexus
1291 1351 1367 1414 alibi

221 1465 369 1543 ‘acilov',
398 1461 480 1544 apud
508 1460 736 1524 Aristoxenum
759 1457 856 1536 ‘aede
883 1460 1048 1536 σύνθετος
1077 1459 1369 1545 ἑαναιδειιιέσημος,

221 1575 368 1634 vocatur:

715 1693 726 1729 1
913 1691 925 1728 2

637 1769 806 1794 ᾸΜΝ
823 1771 887 1794 [Α
903 1767 1001 1794 ΑΝ

655 1827 793 1846 υυ-υυ-
830 1827 1004 1846 xxv-vv--

303 1911 349 1975 Ut
376 1911 410 1974 in
439 1911 542 1974 eundo
566 1910 701 1974 eundem
723 1912 836 1994 pedem
858 1933 1032 1994 numquam
1054 1911 1104 1974 bis
1126 1912 1285 1996 ponimuS,
1314 1912 1370 1975 sed

220 2043 346 2104 semper
369 2022 448 2084 alter
464 2022 598 2084 alterum
621 2023 777 2105 sequitur,
800 2023 845 2086 ita
861 2023 956 2086 etiam
979 2021 1108 2106 dipodia
1123 2023 1222 2086 altera
1238 2023 1370 2086 alteram

219 2154 344 2214 semper
367 2135 516 2215 sequatur
539 2135 685 2216 oportet:

359 2267 655 2352 1.,2,1,2‚1;
699 2290 890 2352 numquam:
937 2269 1224 2352 1,2‚1,1,2.

303 2402 342 2465 ln
364 2402 475 2485 hymni
490 2403 593 2466 nostri
609 2403 759 2468 clausulis
775 2404 905 2487 dipodia
918 2405 1153 2488 paroemiacum
1175 2404 1367 2488 praecedens

218 2515 343 2596 tempus
365 2513 504 2596 primum
519 2515 681 2600 (eupator
704 2518 840 2596 πρῶτον
863 2516 931 2602 Ψ)
954 2515 1061 2598 habet,
1085 2537 1146 2598 quo
1169 2515 1215 2598 fit,
1241 2518 1277 2578 ut
1297 2537 1368 2600 par-

219 2624 377 2688 oemiacus
405 2624 458 2706 qui
487 2623 642 2707 sequitur,
676 2647 695 2688 a
723 2625 861 2688 seeundo
890 2627 1034 2708 tempore
1062 2625 1209 2708 incipiat,
1239 2625 1368 2688 finiatur
1441 2711 1445 2720 1

220 2755 332 2814 pr1mo.

384 2871 395 2908 1
600 2871 612 2908 2
969 2873 980 2910 1
1194 2873 1206 2912 2

289 2989 705 3008 vv-vV—vU-llv..
878 2989 1292 3011 υν..νν-νυ-υυ.-

877 3195 1291 3216 vv-VU—VV-UV-

301 3481 447 3546 Eandem
474 3481 527 3546 hic
559 3483 664 3568 legem
691 3484 857 3548 metricam
885 3485 1075 3570 reperimus,
1105 3507 1200 3570 quam
1227 3487 1261 3550 in
1289 3508 1366 3551 voce

219 3589 368 3672 ‘alleluja’
393 3595 425 3655 et
447 3593 481 3656 in
502 3594 702 3676 paroemiaco
725 3576 967 3678 ipsononnihil
999 3597 1132 3660 valuisse
1155 3597 1262 3679 paullo
1293 3600 1366 3660 ante

218 3698 363 3764 diximus.
400 3700 622 3768 Paroemiacus
645 3705 830 3770 sententiae
843 3706 940 3770 finem
962 3707 1131 3790 imponens
1153 3707 1257 3790 primo
1287 3710 1365 3772 tem-

215 3830 294 3893 pore
315 3810 439 3894 finitur,
463 3811 547 3896 quod
569 3815 605 3876 ut
626 3814 695 3878 fieri
709 3815 823 3898 possit,
847 3815 976 3899 dipodia
991 3837 1063 3880 eum
1077 3817 1247 3900 praecedit.
1286 3816 1366 3882 Cum

216 3919 362 4004 stropha,
386 3942 466 4004 quae
489 3923 645 4008 sequitur,
669 3926 804 4009 aprimo
827 3929 970 4010 tempore
989 3926 1136 4010 incipiat,
1159 3949 1289 3992 necesse
1306 3931 1364 4012 est,

215 4032 252 4092 ut
272 4051 329 4113 per
350 4033 476 4114 tempus
505 4034 692 4118 secundum,
721 4036 806 4120 quod
834 4035 1020 4100 interiacere
1054 4040 1196 4122 oportet,
1225 4039 1364 4102 sileatur.

217 4137 286 4230 Quo
309 4141 437 4204 silentio
460 4163 524 4204 una
547 4144 679 4227 stropha
701 4146 740 4208 ab
763 4147 864 4209 altera
887 4147 1070 4211 secernitur.
