3242 4956
347 1101 440 1234 llum
472 1170 536 1234 iam
569 1170 728 1254 quomodo
764 1169 938 1235 Christiani
971 1172 1167 1254 psalmorum
1205 1176 1333 1238 eentum
1370 1197 1408 1239 ex

259 1277 448 1342 Iudaeorum
470 1279 564 1343 rebus
593 1280 709 1345 divinis
732 1281 935 1365 desumptum
957 1281 991 1346 in
1014 1282 1079 1346 suis
1103 1284 1312 1347 conventibus
1337 1306 1407 1348 san·

261 1389 320 1452 otis
344 1389 555 1473 exercuerint,
579 1391 656 1456 satis
679 1390 871 1474 explicatum
894 1391 950 1474 sit,
980 1391 1198 1456 disserendum
1225 1415 1311 1456 nunc
1340 1416 1408 1458 esse

260 1501 423 1582 putamus,
446 1502 600 1583 quantum
624 1498 842 1568 Graecorum
867 1502 1030 1567 veterum
1053 1503 1190 1568 musica
1216 1503 1256 1566 ad
1278 1507 1408 1568 cantum

262 1629 387 1672 sacrum
410 1610 618 1676 excolendum
639 1611 783 1676 valuerit.
1478 1601 1480 1606 ⁵

347 1718 427 1784 Oum
454 1720 539 1784 enim
571 1719 826 1786 Christianorum
857 1743 971 1806 greges
1003 1722 1111 1786 statim
1127 1765 1130 1771 -
1144 1723 1184 1786 ab
1216 1724 1309 1788 initio
1343 1747 1410 1790 non

262 1829 366 1893 solum
389 1836 433 1894 'ex
463 1830 603 1914 Iudaeis,
641 1831 696 1894 sed
724 1832 820 1896 etiam
842 1854 880 1895 ex
913 1832 1022 1896 multis
1057 1832 1186 1896 Graecis
1216 1837 1409 1917 constarent,

263 1938 376 2004 Graeci
404 1961 492 2004 suam
509 1919 540 2004 *a
565 1942 672 2024 pueris
701 1941 840 2005 auditam
863 1942 1042 2024 cultamque
1064 1943 1218 2006 musicam
1247 1943 1343 2008 etiarn
1371 1945 1410 2008 ad
1450 1980 1452 1984 ·

262 2050 387 2114 laudem
409 2050 471 2114 Dei
493 2051 607 2134 optimi
629 2052 760 2116 maximi
782 2051 969 2116 adhibentes
998 2055 1030 2114 et
1051 2055 1194 2116 veterum
1217 2052 1411 2118 Graecorum

231 2217 235 2222 .
261 2161 398 2244 hymnos
426 2161 461 2224 in
482 2161 607 2226 laudem
630 2163 761 2226 deorum
789 2161 983 2245 compositos
1005 2162 1167 2226 imitantes
1194 2185 1296 2228 novos
1327 2186 1410 2229 eom-

262 2275 438 2354 posuerunt
466 2272 501 2335 in
522 2272 648 2336 laudem
670 2271 731 2336 Dei
758 2273 845 2336 unici
873 2272 1019 2355 hymnos
1065 2271 1127 2337 Sed
1156 2294 1227 2337 cum
1256 2275 1411 2338 eiusmodi

263 2380 375 2464 hymni
397 2382 501 2446 verbis
523 2385 649 2446 tantum
672 2405 690 2446 a
711 2383 871 2446 veteribus
894 2382 1075 2466 differrent,
1103 2383 1229 2466 poetica
1251 2388 1357 2448 autem
1379 2388 1412 2448 et

264 2493 385 2556 musica
406 2493 510 2556 forma
525 2493 589 2557 illis
606 2493 760 2558 simillimi
776 2495 897 2576 essent,
921 2493 1071 2556 ecclesiae
1087 2491 1288 2558 Christianae
1302 2497 1409 2578 patres

264 2625 363 2686 nsque
386 2603 425 2666 ad
446 2603 577 2667 tertium
600 2605 774 2688 saeculum,
804 2603 974 2687 quominus
1003 2603 1158 2666 eiusmodi
1186 2603 1298 2686 hymni
1321 2625 1411 2668 cane·
1446 2671 1450 2678 ,

263 2716 388 2797 rentur,
412 2717 565 2797 quantum
586 2718 773 2798 potuerunt,
802 2735 921 2798 magno
945 2734 1017 2776 cunr
1039 2713 1145 2776 studio
1167 2713 1408 2797 prohibuerunt.

264 2823 482 2888 Nihilominus
504 2825 697 2908 hymnorum
720 2826 935 2889 canendorum
958 2823 1153 2887 consuetudo
1176 2823 1221 2886 ita
1243 2824 1410 2908 increbuit,

264 2936 301 2996 ut
322 2935 418 2998 tertio
445 2935 509 2999 iam
538 2937 664 2999 saeculo
686 2938 792 3019 patres
816 2933 972 2999 eiusmodi
995 2933 1118 2997 cantica
1139 2954 1206 2996 non
1227 2933 1323 2998 modo
1345 2956 1412 2998 non

264 3043 495 3129 vituperarent,
524 3045 578 3109 sed
607 3045 702 3109 etiam
729 3046 792 3129 ipsi
814 3046 1051 3128 componerent.
1096 3038 1210 3124 Hymni
1236 3066 1254 3107 a
1280 3044 1412 3130 psalmis

268 3155 299 3216 et
331 3155 462 3220 canticis
495 3155 648 3239 prosaicis
687 3156 720 3220 in
756 3156 886 3220 modum
922 3155 1118 3238 psalmorum
1155 3154 1341 3237 compositis
1374 3176 1412 3218 00

267 3285 460 3350 magnopere
482 3266 685 3349 differebant,
709 3267 809 3349 quod,
833 3288 904 3330 enm
926 3265 1042 3349 psalmi
1065 3267 1097 3328 et
1118 3265 1242 3341 cantica
1264 3265 1320 3328 illa
1341 3287 1412 3348 pro-

267 3375 383 3462 0010οζ1)
412 3376 562 3459 rhythmo
595 3377 764 3440 verborum
791 3379 957 3459 metroque
980 3378 1139 3458 carerent,
1167 3374 1279 3457 hymni
1301 3374 1412 3458 rhyth-

267 3486 348 3550 mice
371 3509 408 3550 ac
429 3487 560 3552 metrice
584 3488 753 3572 compositi
776 3491 858 3551 sunt.

352 3595 391 3660 In
413 3598 719 3683 poesisGraecorum
742 3601 774 3662 et
795 3597 1012 3662 Romanorum
1036 3597 1180 3680 singulae
1203 3595 1343 3678 syllabae
1359 3600 1413 3660 aut

268 3706 483 3790 corripiuntur
498 3712 552 3772 aut
565 3709 798 3793 producuntur,
821 3710 866 3772 ita
887 3711 924 3772 nt
939 3711 1056 3772 certam
1074 3706 1315 3790 proportionem
1329 3707 1414 3771 inter

268 3839 301 3881 se
323 3815 471 3882 habeant.
500 3817 628 3901 Syllaba
650 3821 795 3903 correpta
815 3842 872 3903 per
894 3821 1018 3902 tempus
1040 3839 1139 3881 unum
1162 3815 1234 3901 (),
1256 3839 1314 3901 per
1335 3821 1412 3882 tern-

268 3952 347 4013 pora
374 3929 436 3993 duo
470 3928 531 4015 (-)
566 3931 692 4012 syllaba
724 3931 878 4014 producta
904 3932 1063 4014 personat.
1109 3927 1234 3990 Talium
1262 3950 1413 3991 sonorum

269 4041 475 4104 collationem
497 4043 618 4105 veteres
640 4041 754 4124 pedem
776 4043 1053 4124 nuncupaverunt,
1080 4039 1134 4121 qui
1156 4041 1212 4101 ant
1233 4059 1270 4101 ex
1293 4039 1413 4101 duabus

269 4153 324 4212 aut
346 4173 384 4214 ex
406 4150 508 4214 tribus
531 4154 586 4214 aut
607 4173 645 4214 ex
668 4155 802 4234 quatuor
824 4151 954 4235 syllabis
978 4151 1112 4213 constat.
1137 4148 1296 4230 Quidquid
1319 4149 1413 4211 certis

270 4306 472 4314 ψ’,-

237 4425 240 4432 .
340 4373 364 4438 1)
383 4389 407 4424 v.
426 4371 537 4438 Daniel,
554 4372 676 4426 thesaur.
695 4372 855 4443 hymnolog.
876 4373 942 4425 torn.
961 4371 995 4437 Il,
1013 4388 1041 4439 p.
1060 4375 1117 4423 267.
