3242 4956
256 1255 259 1267 ,
298 1205 300 1209 ⁴
356 1108 447 1242 Cum
470 1178 600 1260 plurimi
622 1175 662 1239 ex‘
681 1177 721 1238 iis
745 1177 798 1258 qui
828 1177 890 1238 iam
913 1177 986 1240 inde
1009 1177 1048 1240 ab
1072 1177 1164 1240 initio
1194 1177 1314 1241 Christi
1343 1179 1417 1242 doc-

272 1289 388 1350 trinam
415 1288 552 1371 professi
580 1291 668 1370 sunt,
706 1265 973 1350 Iudaei'fuissent
996 1287 1084 1350 etin
1113 1309 1202 1350 sacro
1230 1287 1416 1371 Hierosoly-

271 1420 395 1461 morum
410 1400 531 1481 templo
546 1399 687 1481 psalmos
709 1419 802 1480 saepe
826 1397 1017 1460 cecinissent
1039 1400 1070 1460 et
1092 1397 1297 1480 audivissent,
1320 1398 1416 1481 primi

271 1509 319 1572 illi
342 1508 517 1572 Christiani
539 1509 789 1591 quandocunque
813 1507 1058 1588 conveniebant,
1090 1508 1246 1590 psalmos,
1281 1530 1417 1592 quorum

272 1622 304 1682 et
325 1619 421 1682 verba
443 1622 475 1682 et
497 1619 630 1682 canendi
645 1619 801 1681 rationem
817 1618 970 1681 memoria
985 1618 1174 1710 retinebant,
1199 1640 1310 1682 canere
1335 1619 1416 1682 sole·

272 1730 393 1814 bant.¹)
438 1729 476 1791 ln
505 1729 639 1812 epistola
666 1729 706 1790 ad
728 1728 885 1811 Ephesios
908 1728 1025 1791 Paulus
1048 1749 1115 1791 non
1138 1729 1242 1791 solum
1263 1729 1416 1812 psalmos,

273 1840 327 1902 sed
343 1840 438 1902 etiam
453 1839 589 1921 hymnos
608 1838 746 1920 odasque
768 1840 1005 1920 commemorat,
1013 1837 1038 1922 ²)
1062 1838 1159 1901 verbo
1175 1834 1277 1920 ὕμνοι
1293 1840 1417 1902 cantica

272 1950 307 2012 in
329 1950 454 2012 laudem
477 1949 527 2012 dei
549 1949 740 2031 composita,
768 1970 847 2032 quae
870 1951 902 2010 et
924 1949 958 2011 iu
979 1949 1079 2010 veteri
1102 1949 1190 2010 etin
1212 1969 1296 2010 novo
1320 1952 1416 2012 testa-

272 2062 380 2122 mento
415 2061 514 2122 multa
546 2059 755 2142 reperiuntur,
769 2057 794 2144 ³)
829 2058 933 2121 verbis
965 2053 1048 2142 pidet
1081 2059 1304 2140 aucupaverat
1333 2081 1418 2122 nova

273 2170 396 2232 cantica
419 2169 456 2233 ἐκ
479 2173 540 2233 τοῦ
563 2169 767 2251 πνεύματος,
789 2168 821 2231 id
837 2171 900 2250 est,
924 2191 942 2230 a
965 2167 1155 2232 Christianis
1172 2168 1286 2251 spiritu
1302 2172 1414 2234 sancto

273 2279 412 2362 impletis
436 2279 613 2363 composita
635 2279 824 2364 indicans.⁴)

357 2390 444 2465 Quae
472 2389 534 2452 tria
562 2389 758 2452 canticorum
779 2410 898 2473 genera
919 2409 985 2451 non
1007 2390 1143 2451 multum
1165 2389 1250 2452 inter
1273 2411 1306 2452 se
1329 2389 1417 2453 diffe-

272 2503 355 2564 runt.
389 2500 475 2565 Nam
497 2500 612 2563 veteris
636 2502 668 2562 et
689 2499 764 2563 novi
786 2499 969 2562 testamenti
991 2499 1183 2581 hymnorum
1207 2499 1316 2562 eadem
1339 2501 1416 2584 fere,

273 2632 352 2692 quae
382 2611 593 2693 psalmorum,
622 2612 779 2673 structura
802 2613 865 2691 est,
904 2611 935 2672 et
956 2631 1058 2672 novae
1092 2609 1170 2672 odae
1193 2609 1296 2693 primo
1326 2613 1410 2674 certe

272 2723 430 2803 tempore,
454 2741 515 2802 quo
531 2713 660 2802 plurimi
676 2727 714 2782 ex
730 2719 920 2784 Christianis
948 2719 1058 2783 Iudaei
1072 2719 1214 2802 fuerant,
1237 2721 1272 2783 in
1287 2721 1417 2784 modum

272 2831 468 2914 psalmorum
492 2830 687 2913 compositae
709 2833 791 2892 sunt.

358 2940 419 3016 Qui
442 2941 659 3022 psalmorum
682 2940 809 3004 cantus
831 2940 933 3024 qualis
956 2940 1065 3022 fuerit,
1095 2942 1188 3003 etex
1209 2941 1315 3012 verbis
1338 2941 1417 3024 ipsis

272 3051 466 3134 psalmorum
500 3054 532 3114 et
560 3073 597 3113 ex
628 3051 832 3133 scriptorum,
856 3051 910 3134 qui
936 3050 1134 3134 temporibus
1163 3051 1227 3113 illis
1253 3051 1416 3134 vixerunt,

273 3161 465 3225 testimoniis
489 3161 603 3224 coniici
625 3163 740 3243 potest.

359 3271 473 3335 Utrum
488 3271 592 3334 verbis
607 3271 802 3354 psalmorum
817 3271 974 3333 hebraicis
990 3270 1157 3353 rhythmus
1172 3271 1304 3334 infuerit
1311 3271 1336 3356 Ι)
1358 3295 1417 3335 nec

209 3361 215 3368 ‚
272 3404 322 3464 ne,
345 3381 397 3444 hio
420 3381 774 3464 idcosupervacaneum
790 3383 839 3444 est
853 3381 1054 3463 perscrutari,
1078 3381 1163 3464 quod
1185 3381 1317 3464 psalmi,
1340 3385 1376 3444 ut
1398 3406 1416 3445 a
1436 3379 1439 3386 '

274 3491 403 3555 Graecis
427 3495 459 3554 et
472 3491 626 3555 Romanis
640 3490 760 3554 Christi
776 3490 953 3554 doctrinam
968 3491 1123 3574 professis
1140 3493 1338 3574 canerentur,
1354 3491 1416 3554 iam

343 3713 367 3777 1)
388 3717 410 3762 1.
422 3709 544 3764 Corinth.
553 3710 625 3776 XIV,
638 3715 682 3762 26:
702 3703 774 3766 ὅταν
785 3707 974 3779 συνέρχησθε,
993 3708 1112 3773 ἕκαστος
1123 3706 1204 3777 ὑμῶν
1216 3704 1333 3778 ψαλμὸν
1348 3709 1416 3779 ἔχει.

341 3797 367 3862 2)
386 3795 486 3863 Ephes.
506 3793 539 3859 V,
560 3801 603 3848 19:
621 3796 789 3864 πληροῦσθε
807 3791 838 3848 ἒν
856 3791 1015 3863 πνεύμασι,
1037 3795 1190 3856 λαλοῦντες
1209 3790 1326 3856 ἑαυτοῖς
1342 3800 1417 3862 ψαλ-

272 3888 337 3948 μοῖς
355 3880 405 3934 ααὶ
425 3872 526 3947 ὕμνοις
545 3879 594 3932 καὶ
616 3873 709 3946 ᾠδαῖς
727 3887 949 3946 πνευματικαῖς.
970 3880 1005 3932 cf.
1024 3879 1126 3933 Coloss.
1145 3879 1192 3944 Ill,
1212 3885 1251 3931 16.

342 3966 367 4031 3)
387 3971 410 4017 2.
433 3964 501 4016 Mos.
521 3961 580 4015 XV.
616 3970 639 4014 5.
662 3963 730 4017 Mos.
748 3963 858 4017 XXXII.
877 3963 1000 4017 XXXIII.
1039 3970 1060 4016 1.
1083 3963 1150 4016 Mos.
1169 3963 1264 4016 XLIX,
1304 3965 1362 4018 Iud.
1382 3963 1415 4018 V.

274 4049 373 4117 Ephes.
391 4047 424 4114 V,
445 4054 484 4100 14.
521 4053 542 4098 1.
562 4045 683 4099 Timoth.
703 4049 748 4113 ΙΙΙ,
769 4053 807 4100 16.
843 4049 904 4101 Act.
922 4047 995 4114 XVI,
1013 4053 1053 4101 25.

341 4135 367 4200 Ι)
386 4134 420 4186 cf.
438 4132 468 4184 F.
486 4130 585 4183 Wolff:
603 4131 696 4185 Ueber
714 4132 758 4186 die
775 4132 853 4198 Lais,
873 4131 1034 4200 Sequenzen
1052 4133 1108 4186 und
1125 4131 1234 4200 Leiche‚
1252 4151 1279 4202 p.
1299 4139 1357 4188 286.

343 4220 368 4284 5)
387 4218 419 4270 cf.
439 4216 612 4270 Saalschfitz:
640 4215 803 4269 Geschichte
830 4217 886 4269 und
909 4216 1087 4286 Wr'irdigung
1110 4217 1160 4271 der
1177 4217 1268 4271 Musik
1290 4218 1337 4272 bei
1363 4218 1417 4272 den

274 4302 427 4368 Hebr'rtern,
445 4321 472 4371 p.
493 4308 534 4356 94.
571 4301 655 4356 Form
673 4300 722 4354 der
738 4300 816 4354 hebr.
834 4301 939 4368 Poesie,
957 4320 984 4370 p.
1004 4308 1053 4356 238
1072 4320 1132 4370 squ.
