3242 4956
676 405 717 414 ,
760 365 885 464 25...

153 551 159 562 ·
199 513 314 614 Quid?
338 537 455 603 Nonne
477 536 560 602 forte
583 536 731 600 librarius
746 536 780 598 in
796 535 963 600 scribendo
981 535 1113 598 duarum
1128 535 1355 619 particularum
1454 555 1458 564 “

210 649 338 731 ‘8†2’
363 650 395 712 et
415 643 481 709 ‘16’
505 641 610 704 locum
632 645 788 712 mutavit?
818 646 872 709 An
895 645 1043 710 Clemens
1072 667 1168 709 unam
1191 646 1355 730 stropham

122 787 127 794 ·
209 759 362 826 maiorem
400 777 595 840 componere.
624 757 726 820 voluit
759 779 797 820 ex
825 757 946 820 duabus
975 755 1116 840 strophis
1144 759 1354 840 constantem,

209 891 342 954 quarum
377 867 551 952 particulae
583 867 618 932 in
651 866 762 932 ordine
802 863 1018 951 contraposito
1056 889 1089 931 se
1127 867 1353 951 sequerentur?

209 980 311 1045 Immo
336 979 363 1042 si
385 1001 480 1044 sensu
503 999 627 1062 quoque
642 979 722 1042 duae
738 977 888 1062 strophae
902 977 948 1042 ita
967 977 1186 1061 cohaererent,
1209 980 1245 1042 ut
1259 1001 1356 1042 unam

210 1091 374 1174 stropham
403 1111 603 1154 communem
639 1089 763 1153 efficere
790 1091 937 1172 possent,
971 1091 1072 1153 artem
1100 1087 1275 1154 Clementis
1302 1087 1355 1151 ad-

209 1202 411 1284 miraremur,
440 1201 494 1284 qui
516 1223 555 1264 ex
577 1199 698 1265 duabus
721 1199 861 1282 strophis
883 1199 1040 1265 similibus
1069 1202 1101 1264 et
1128 1201 1237 1264 tamen
1264 1191 1355 1263 dissi·
1417 1197 1418 1206 ’

208 1312 337 1376 milibus
359 1333 457 1374 unam
479 1310 702 1394 composuerit.
1269 1307 1272 1314 ’

293 1421 340 1486 At
361 1422 512 1506 quoniam
533 1443 639 1486 versu:
674 1423 817 1504 βασιλεύ
845 1420 979 1485 παίδων
1008 1417 1194 1504 α’νεπύφων
1229 1423 1357 1485 senten-

208 1534 268 1616 tia,
291 1555 370 1617 quae
394 1554 431 1596 ex
453 1555 517 1596 una
539 1531 670 1617 stropha
691 1531 726 1595 in
748 1531 881 1595 alteram
903 1531 1033 1614 transit,
1056 1531 1147 1595 finita
1169 1534 1231 1616 est,
1259 1531 1355 1614 duae,

208 1667 287 1729 quae
316 1645 451 1726 restant,
486 1644 615 1707 alterius
644 1641 794 1726 strophae
816 1641 989 1726 particulae
1019 1665 1035 1705 e
1063 1649 1148 1706 netu
1175 1639 1356 1706 excidentes
1407 1691 1410 1700 ,

207 1755 314 1819 locum
336 1757 448 1818 tenent
469 1754 560 1838 quasi
582 1753 750 1817 desertum.
795 1753 844 1816 Ac
871 1774 912 1815 ne
939 1753 1024 1816 inter
1051 1775 1085 1816 se
1114 1753 1200 1836 ipsas
1229 1753 1357 1836 quidem

209 1866 288 1930 duae
321 1865 496 1949 particulae
529 1885 708 1928 connexum
740 1863 929 1926 rationalem
960 1862 1094 1946 habent,
1133 1884 1206 1926 cum
1244 1864 1364 1946 prima,

208 2000 237 2040 v.
260 1977 397 2058 2548,
419 1973 501 2038 nihil
524 1973 701 2058 contineat,
723 1973 786 2037 nisi
809 1971 930 2039 Christi
951 1973 1185 2057 invocationes,
1215 1997 1234 2036 a
1262 1995 1357 2037 versu

210 2089 316 2151 autem
337 2085 488 2150 vicesimo
510 2107 597 2148 nono
625 2107 708 2150 nova
741 2084 912 2149 sententia:
941 2085 1063 2148 ‘sancta
1091 2084 1155 2147 vita
1178 2086 1227 2147 est
1248 2106 1357 2148 eorum

210 2199 264 2282 qui
287 2197 380 2261 deum
404 2196 546 2260 laudant'
570 2197 712 2281 incipiat.
734 2195 808 2262 Nisi
822 2196 905 2258 forte
928 2195 998 2278 quis
1014 2194 1118 2258 verbis
1142 2191 1246 2278 σεμνὴ
1261 2182 1357 2278 βιοτὴ

209 2305 294 2373 θεὸν
322 2303 526 2391 ὑμνούντων
558 2305 723 2371 Christum
756 2306 903 2370 similiter
930 2308 1024 2389 atque
1054 2305 1093 2368 iis
1123 2327 1202 2388 quae
1230 2327 1356 2388 praece·

211 2419 305 2502 dunt,
334 2416 476 2481 invocari
504 2416 602 2480 dicat:
630 2420 687 2501 ‘tu,
710 2417 776 2481 vita
798 2418 907 2480 sancta
929 2416 1023 2480 deum
1038 2415 1257 2480 laudantium’.
1284 2415 1357 2479 Etsi

211 2529 338 2613 quidem
361 2528 438 2591 duas
460 2527 632 2611 particulas
654 2528 739 2592 hunc
761 2528 796 2591 in
818 2527 948 2591 modum
970 2549 1064 2611 aegre
1088 2526 1241 2614 coniungi
1262 2548 1358 2610 posse

211 2639 365 2722 concede,
389 2659 505 2722 quaero
527 2641 644 2722 tamen,
667 2638 744 2723 quid
766 2637 827 2702 sibi
849 2637 926 2702 velit
946 2637 1185 2702 invocationem
1201 2637 1356 2720 cumulus,

212 2751 265 2836 qui
287 2771 390 2832 neque
413 2771 485 2812 cum
507 2749 546 2813 iis
569 2771 649 2834 quac
671 2748 880 2833 praecedunt,
907 2770 1010 2832 neque
1038 2770 1110 2812 cum
1137 2748 1176 2812 iis
1204 2769 1283 2831 quae
1311 2769 1357 2812 se-

212 2864 368 2945 quuntur,
392 2881 571 2923 connexum
593 2860 730 2925 habeat?

295 2970 503 3056 Refugiamus
541 2969 639 3056 igitur
675 2971 715 3036 ad
747 2969 911 3034 librarium
945 2969 1036 3033 illum
1070 2971 1102 3031 et
1132 2967 1358 3053 particularum

212 3083 340 3164 ‘8-1-2’
370 3084 402 3144 et
431 3081 496 3144 ε16’
520 3081 625 3145 locum
648 3085 770 3145 mutare
793 3102 952 3146 conemur.
975 3147 977 3152 ,
997 3079 1046 3144 Ao
1073 3078 1100 3142 si
1127 3101 1239 3143 sensus
1265 3079 1358 3144 nobis

211 3193 342 3275 faverit,
365 3191 513 3255 librarius
535 3192 684 3256 mendam
707 3215 740 3256 se
763 3192 959 3256 commisisse
981 3193 1066 3256 certe
1089 3189 1299 3254 confitebitur.

519 3471 641 3556 Χριστὲ
660 3470 787 3556 Ἰησοῦ,
810 3471 897 3556 γύλα
919 3469 1083 3556 ούρύνιον

517 3587 656 3668 μαστῶν
677 3584 855 3666 γλυκερῶν
877 3582 1013 3667 νύμφης
1039 3583 1204 3665 χαρίτων,

520 3359 634 3446 Σεμνῆ
656 3359 752 3446 βιοτὴ
774 3323 863 3426 θεὸν
882 3357 1100 3445 ὑμνούντων,

518 3697 641 3778 σοφίας
662 3699 720 3778 τῆς
742 3698 820 3778 σῆς,
844 3691 1107 3776 ἐκθλιβόμενον·

512 3825 607 3905 Ὁδὸς
629 3827 790 3914 ούρανία,
814 3827 913 3912 λόγος
936 3827 1071 3910 ἀέναος,

428 3939 467 4003 12
519 3937 604 4004 αἰῶν
626 3937 782 4021 ἄπλετος,
807 3943 880 4022 φῶς
901 3935 1013 4004 ἀΐδιον

482 3829 501 4135 t
520 4049 636 4126 ἐλέους
657 4050 763 4136 πηγή,
787 4047 909 4136 ρἐατὴρ
932 4046 1068 4136 ἀρετῆς,

513 4182 617 4268 Ἡγοῦ
640 4182 819 4269 προβάτων
841 4188 988 4269 λογικῶν
1009 4185 1153 4270 ποιμήν,

367 4298 467 4382 8-Ι-2
483 4187 501 4495 ⁴
518 4293 625 4379 ἁγίων
645 4292 733 4381 ἡγού

518 4409 660 4492 βασιλεῦ
682 4407 815 4472 παίδων
837 4403 1044 4491 dcereimmo(
