3242 4956
711 327 924 392 ..34-

330 495 487 561 Musicam
500 495 655 562 Graecam
677 497 711 561 in
727 495 980 562 Christianorum
1004 497 1132 581 hymnis
1155 500 1187 562 et
1206 499 1241 562 in
1257 497 1393 583 Syriacis

246 610 278 672 et
310 608 344 671 in
372 607 502 673 Graecis
530 607 706 672 adhibitam
739 629 806 672 esse
833 607 979 672 vidimus.
1024 607 1064 672 In
1095 607 1189 674 Italia
1221 613 1394 676 Ambrosius

246 718 401 782 eiusmodi
431 717 569 802 hymnos
593 717 753 782 canendos
775 718 896 802 primus
918 717 1059 782 instituit
1081 719 1164 783 circa
1192 741 1313 784 annum
1340 722 1394 785 tri·

246 829 397 892 cesimum
431 829 680 914 octogesimum,
713 850 808 912 quam
840 851 908 892 rem
939 828 1058 892 factam
1089 829 1305 915 Augustinus,
1340 831 1394 916 qui

246 939 358 1003 eodem
379 942 525 1022 tempore
547 939 636 1021 vixit,
666 939 811 1003 dilucidis
839 939 943 1004 verbis
964 941 1109 1004 testatur.
1154 939 1194 1004 In
1221 942 1393 1006 consessio-

244 1049 339 1113 nibus
355 1049 440 1113 enim
450 1049 474 1135 ¹)
497 1049 718 1132 Ambrosium,
742 1071 814 1114 cum
828 1048 952 1113 Iustina
966 1049 1152 1133 imperatrix
1174 1073 1247 1115 eum
1261 1054 1393 1136 propter

245 1159 438 1224 Arianorum
470 1159 550 1222 iram
578 1162 834 1244 persequeretur,
864 1181 936 1224 cum
964 1159 1074 1224 amicis
1106 1161 1171 1224 suis
1198 1161 1233 1225 in
1262 1162 1395 1226 ecclesia

244 1269 361 1334 multas
390 1272 501 1334 noctes
529 1271 736 1361 pervigilasse
764 1292 912 1334 narrans:
945 1272 1037 1353 tunc,
1072 1270 1191 1354 inquit,
1222 1270 1335 1355 hymni
1362 1275 1394 1336 et

245 1380 361 1464 psalmi
383 1383 419 1443 ut
442 1384 631 1445 canerentur
659 1380 833 1444 secundum
861 1401 984 1444 morem
1007 1379 1217 1444 Orientalium
1244 1383 1393 1467 partium,

245 1513 286 1556 11
320 1491 456 1575 populus
492 1491 646 1555 moeroris
680 1491 786 1554 taedio
824 1490 1078 1574 contabesceret,
1115 1491 1298 1556 institutum
1335 1497 1392 1558 est.

243 1600 388 1666 Psalmos
411 1602 446 1665 in
468 1601 684 1665 Orientalibus
707 1600 851 1684 partibus
875 1604 907 1664 et
928 1601 1131 1685 responsoria
1150 1604 1182 1666 et
1204 1602 1393 1687 antiphona-

243 1711 318 1795 tim,
346 1733 465 1795 paucos
496 1712 592 1776 etiam
619 1711 763 1797 integros
791 1714 901 1775 atoto
925 1715 1016 1775 coetu
1040 1711 1162 1776 cantari
1184 1712 1296 1777 solitos
1325 1736 1393 1778 esse

244 1823 308 1886 iam
338 1822 483 1886 vidimus.
529 1821 671 1898 Quorum
702 1822 799 1886 trium
827 1821 984 1905 psallendi
1022 1844 1175 1906 generum
1201 1822 1392 1888 Ambrosius

244 1955 316 1997 cum
339 1935 467 1998 cantum
489 1932 749 2016 antiphonarium
758 1932 784 2018 ²)
807 1933 876 1995 tum
891 1932 1145 2015 responsorium,
1168 1954 1262 2016 quem
1278 1935 1393 2019 etipse

244 2047 276 2108 et
297 2043 497 2129 Augustinus
520 2065 615 2126 saepe
638 2041 932 2128 commemorant3),
955 2042 989 2105 in
1004 2041 1131 2106 Italiam
1145 2043 1279 2108 induxit.
1306 2044 1393 2109 Psal-

244 2176 314 2218 mos
342 2156 487 2240 integros
520 2153 605 2237 apud
637 2153 845 2217 Ambrosium
875 2175 894 2216 a
925 2155 995 2216 toto
1031 2154 1123 2216 coetu
1146 2157 1291 2219 cantatos
1325 2177 1393 2219 esse

244 2287 401 2349 nusquam
423 2264 567 2350 legimus.
591 2264 702 2329 Paullo
720 2267 793 2327 ante
813 2263 1004 2345 haereticos,
1027 2262 1150 2346 Arium,
1166 2263 1390 2349 Bardesanem,

244 2374 470 2458 Harmonium,
499 2396 561 2458 quo
584 2375 709 2442 facilius
737 2373 891 2458 populum
913 2373 953 2436 ad
975 2373 1136 2437 doctrinas
1160 2396 1232 2438 suas
1260 2375 1393 2440 deduce·

244 2488 331 2568 rent,
353 2484 481 2568 hymnis
504 2483 693 2568 rhythmicis
715 2506 790 2547 usos
813 2505 881 2547 esse
904 2483 1199 2549 demonstravimus.
1230 2484 1293 2549 Hic
1316 2487 1392 2550 Am-

245 2595 387 2659 brosium
410 2616 550 2678 quoque,
579 2595 648 2680 qui,
682 2616 723 2658 nc
756 2594 893 2677 populus
927 2594 1081 2658 moeroris
1109 2594 1215 2658 taedio
1247 2597 1393 2662 contabe-

245 2709 362 2787 sceret,
385 2705 504 2770 veritus
527 2727 599 2768 eum
620 2705 655 2768 in
670 2705 764 2768 rebus
780 2703 895 2768 divinis
912 2705 1015 2789 magis
1031 2705 1179 2788 occupari
1194 2705 1305 2790 voluit,
1327 2727 1393 2770 non

246 2817 349 2880 solum
371 2819 407 2880 ut
427 2815 553 2900 psalmi,
577 2815 634 2900 qui
653 2818 747 2878 antea
769 2817 894 2878 tantum
917 2815 957 2878 ab
972 2837 1036 2878 uno
1051 2815 1175 2879 recitati
1196 2838 1265 2880 esse
1287 2817 1393 2880 viden-

245 2931 312 3009 tur,
348 2949 385 2992 ex
414 2929 504 3009 parte
532 2949 551 2990 a
576 2926 694 3010 populo
724 2928 914 2989 canerentur
946 2925 1181 3008 instituentem,
1216 2926 1270 2990 sed
1297 2927 1393 2990 etiam

245 3036 381 3120 hymnos
397 3035 595 3120 rhythmicos
611 3035 771 3099 canendos
786 3036 820 3098 in
836 3036 1001 3099 ecclesiam
1016 3035 1219 3100 inducentem
1241 3035 1393 3100 videmus.

333 3307 468 3375 Cantus
491 3305 762 3390 Ambrosianus,
785 3309 927 3392 quinon
950 3308 1053 3371 solum
1076 3308 1115 3372 ab
1138 3307 1222 3371 illius
1240 3309 1393 3393 temporis

247 3418 475 3503 scriptoribus,
499 3417 554 3482 sed
570 3418 664 3482 etiam
680 3441 698 3481 a
713 3419 941 3502 posterioribus
956 3421 1088 3502 propter
1103 3420 1289 3482 suavitatem
1304 3419 1395 3482 valde

250 3529 395 3594 laudatus
419 3531 482 3610 est,
505 3527 607 3611 qualis
630 3529 695 3591 fere
717 3529 826 3612 fuerit,
849 3528 902 3593 hic
924 3529 1097 3612 disquirere
1120 3549 1278 3592 conemur.
1313 3525 1394 3594 Cum

315 3719 340 3780 1)
358 3715 474 3784 August.
494 3715 610 3768 confess.
629 3714 676 3768 lib.
696 3714 741 3782 IX,
763 3732 823 3784 cap.
843 3719 865 3768 i.

316 3803 342 3868 2)
361 3799 458 3854 Isidor.
480 3799 717 3854 11111111111111.
737 3816 797 3869 cap.
817 3804 839 3852 8.

315 3887 341 3952 3)
360 3884 487 3937 Anibros.
509 3883 640 3937 Hexaom.
659 3884 767 3950 1111111,
795 3901 854 3952 cap.
874 3891 901 3938 δι
921 3884 1102 3952 responsoriis
1114 3884 1293 3952 psalmorum,
1312 3885 1393 3937 cantu

248 3968 383 4034 virorum,
406 3968 566 4035 muliorum,
591 3967 743 4034 virgirmrn,
766 3968 945 4036 parvulorum
963 3985 1117 4022 consonans
1140 3969 1275 4022 undarum
1298 3967 1393 4034 fragor

247 4053 370 4107 resultat.
409 4053 442 4106 ci.
461 4053 590 4107 Arnbros.
610 4052 757 4122 prologum
776 4051 803 4104 in
822 4051 924 4104 librum
942 4054 1121 4122 psalmorum.
1145 4055 1261 4120 August.
1277 4052 1392 4108 ibidem:

247 4137 362 4192 Plurimi
381 4155 413 4190 ox
432 4137 473 4189 his
492 4137 586 4206 quiin
605 4136 749 4192 ecclesiam
771 4139 939 4202 commeant,
958 4155 1049 4205 noque
1068 4138 1221 4206 apostolica
1242 4139 1395 4206 praccepta

247 4223 328 4276 facile
346 4223 463 4292 possunt
479 4239 569 4289 noquc
587 4221 753 4292 prophetica
770 4222 813 4276 vel
832 4221 935 4288 liquido
949 4222 1066 4288 discere,
1085 4222 1141 4286 vel,
1160 4238 1222 4274 cum
1235 4220 1394 4288 didicerint,

247 4306 380 4372 retiner03
397 4306 569 4376 psalmorum
587 4321 653 4360 voro
672 4323 806 4376 responsa
823 4307 853 4360 et
869 4306 944 4360 intra
962 4307 1072 4372 domos,
1094 4305 1232 4360 interdum
1257 4305 1343 4358 etiam
1366 4305 1394 4360 in

246 4390 358 4458 publico
378 4392 487 4446 canunt.
