3242 4956
693 301 883 370 -81-

218 469 292 534 inde
314 469 353 533 ab
368 469 460 534 initio
483 469 517 532 in
539 470 683 554 linguam
705 468 858 534 Graecam
879 473 911 534 et
938 469 1085 534 Latinam
1106 472 1253 535 translati
1277 475 1360 536 sunt.

219 579 305 655 Quos
326 580 466 663 psalmos
488 579 523 643 in
537 580 615 644 alias
630 579 756 664 linguas
772 580 944 644 translatos
958 603 1026 644 non
1046 581 1143 645 fuisse
1160 581 1360 665 rhythmicos

218 689 418 775 Augustinus
439 693 575 754 testatur
589 691 624 754 in
639 689 773 773 epistola
789 688 832 754 01
847 689 897 756 his
918 691 1038 755 verbis:
1063 691 1196 767 ‘Quibus
1219 693 1361 756 numeris

219 800 397 866 consistant
423 821 532 865 versus
560 798 705 864 Davidici
732 822 798 864 non
826 801 939 883 scripsi
945 850 954 884 ,
988 802 1062 884 quia
1083 803 1203 868 nescio.
1248 801 1360 886 Neque

219 911 304 974 enim
326 933 364 975 ex
385 910 522 974 hebraea
543 909 668 994 lingua,
691 932 787 994 quam
808 911 937 996 ignom,
965 912 1071 994 potuit
1092 913 1188 976 etiam
1209 935 1360 978 numeros

221 1021 377 1104 interpres
411 1020 607 1104 exprimere,
641 1043 682 1084 ne
714 1021 808 1084 metri
836 1021 1025 1085 necessitate
1057 1023 1097 1086 ab
1131 1023 1361 1107 interpretandi

221 1132 355 1196 veritate
378 1131 513 1214 amplius
536 1152 630 1214 quam
652 1131 733 1194 ratio
756 1131 984 1195 sententiarum
1007 1132 1146 1216 sinebat,
1169 1133 1292 1218 digredi
1311 1157 1361 1198 co-

217 1243 368 1328 geretur.’
398 1239 506 1306 Verba
527 1239 626 1325 igitur
648 1241 718 1324 ipsa
739 1242 935 1325 psalmorum
956 1243 990 1306 in
1012 1243 1090 1306 alias
1111 1243 1237 1328 linguas
1260 1247 1361 1308 trans-

218 1353 355 1416 latorum
377 1352 522 1435 prosaica
543 1351 682 1416 musicae
704 1351 915 1419 modulationi
936 1375 996 1417 nec
1010 1353 1195 1436 rhythmum
1217 1377 1276 1419 nec
1297 1377 1361 1420 me·

217 1466 302 1526 trum
324 1462 344 1526 i.
368 1483 394 1526 e.
418 1464 537 1526 certam
558 1462 712 1526 musicam
734 1462 869 1526 formam
892 1463 1182 1546 suppeditaverunt.

300 1570 413 1656 Neque
435 1571 592 1636 hebraicis
615 1571 742 1655 quidem
765 1572 896 1655 psalmis
918 1573 1064 1638 modulos
1086 1575 1252 1659 metricos,
1280 1599 1360 1660 quos

216 1703 275 1747 nos
287 1682 436 1748 dicimus:
453 1681 689 1768 ‘geschlossene
700 1681 903 1767 Melodieen'‚
926 1683 1024 1748 fuisse
1038 1686 1215 1768 putandum
1231 1689 1288 1750 est.
1326 1686 1360 1752 Si

219 1793 305 1857 enim
327 1792 459 1877 psalmis
481 1791 638 1856 hebraicis
666 1793 744 1858 certi
765 1793 886 1858 moduli
913 1795 1038 1858 metrici
1065 1795 1214 1880 luissent,
1243 1797 1275 1860 id
1302 1801 1359 1880 est,

216 1904 243 1968 si
266 1923 418 1968 sonorum
446 1903 639 1968 musicorum
665 1907 757 1968 tenor
779 1905 909 1968 metrice
931 1905 964 1968 in
988 1909 1089 1969 certas
1111 1909 1218 1990 partes
1241 1906 1360 1972 divisus

216 2013 345 2097 fuisset,
379 2013 574 2098 psalmorum
608 2017 719 2078 cantus
753 2013 836 2079 inter
864 2013 1064 2080 Christianos
1097 2018 1266 2102 propagari
1294 2039 1360 2083 non

215 2123 330 2208 potuit.
375 2123 415 2188 In
443 2124 587 2209 linguam
610 2123 763 2189 Graecam
789 2127 821 2190 et
841 2125 989 2208 Latinam
1021 2127 1161 2210 psalmos
1190 2127 1298 2192 statim
1320 2129 1360 2192 ab

216 2233 309 2298 initio
334 2234 506 2298 translatos
530 2255 598 2298 esse
620 2233 684 2298 iam
706 2235 851 2300 diximus.
875 2235 921 2302 Ut
935 2239 1040 2303 autem
1055 2238 1222 2302 verborum
1237 2238 1359 2302 hebrai-

217 2365 327 2410 corum
356 2347 530 2409 concentus
559 2345 683 2408 metrici
711 2345 806 2410 etiam
840 2346 874 2410 in
906 2347 1038 2431 psalmis
1067 2348 1101 2412 in
1128 2348 1206 2412 alias
1234 2349 1360 2434 linguas

217 2455 383 2520 translatis
405 2453 536 2518 retineri
558 2457 705 2539 possent,
734 2456 874 2540 psalmos
898 2457 943 2520 ita
962 2457 1001 2520 ab
1016 2457 1243 2543 interpretibus
1258 2463 1359 2524 trans·

216 2565 292 2630 ferri
315 2565 525 2649 oportuisset,
548 2567 584 2628 ut
603 2564 687 2628 idem
710 2565 749 2629 iis
772 2567 964 2648 syllabarum
986 2590 1135 2632 numerus
1158 2573 1243 2633 esset
1264 2573 1359 2654 atque

216 2675 347 2760 psalmis
369 2675 536 2740 hebraicis.
567 2673 654 2751 Quae
676 2676 842 2740 translatio
864 2699 930 2742 non
953 2679 1048 2742 modo
1071 2679 1260 2744 difficillima
1281 2685 1359 2764 erat,

217 2786 272 2851 sed
295 2785 405 2870 etiam,
429 2807 502 2850 cum
521 2789 652 2870 propter
667 2787 760 2851 mebi
774 2787 997 2853 necessitatem
1013 2790 1108 2854 verba
1122 2790 1228 2854 minus
1243 2791 1360 2856 usitata

215 2899 412 2982 ponerentur
434 2896 642 2981 oportuisset,
665 2898 779 2982 vulgus
794 2899 936 2982 psalmos
951 2901 1058 2964 animo
1081 2901 1174 2965 facile
1196 2902 1358 2986 percipere

215 3029 282 3072 non
303 3007 419 3091 potuit.
447 3006 549 3071 Novis
571 3011 677 3071 autern
700 3009 837 3073 modulis
860 3009 1000 3092 psalmos
1024 3009 1162 3074 Graecos
1179 3015 1210 3076 11
1225 3011 1357 3076 Latinos

216 3117 256 3182 ab
278 3115 432 3201 apostolis
455 3120 585 3181 ornatos
607 3139 676 3181 esse
698 3118 868 3182 verisimile
890 3141 956 3184 non
979 3123 1036 3184 est.

299 3225 419 3290 Verum
441 3227 557 3310 psalmi
578 3226 719 3292 hebraici
742 3230 915 3294 seeundum
935 3231 1103 3300 verborum
1125 3233 1358 3317 pronuntiatio·

216 3359 290 3402 nem
313 3339 407 3420 atque
430 3349 586 3402 occentum
609 3339 772 3424 vulgarem
795 3339 839 3404 ita
855 3340 953 3405 libere
967 3343 1090 3406 musico
1109 3343 1244 3426 quodam
1262 3344 1357 3408 niodo

215 3445 414 3533 pronuntiati
447 3469 516 3512 esse
548 3447 709 3532 videntur,
742 3453 778 3512 ut
808 3451 909 3514 maior
942 3451 992 3515 vel
1028 3453 1133 3516 nrirror
1163 3453 1357 3536 syllabamm

215 3579 365 3623 numerus
398 3579 464 3622 uon
493 3557 677 3642 impediret,
710 3559 879 3644 quominus
913 3561 1027 3646 psalmi
1060 3563 1094 3626 in
1122 3563 1201 3628 alias
1231 3564 1357 3650 linguas

215 3668 361 3733 translati
383 3667 493 3734 eodem
515 3669 581 3733 fere
602 3669 697 3733 niodo
721 3675 918 3736 canerentur.
947 3671 1038 3736 Pauli
1054 3673 1151 3738 verba
1173 3677 1358 3754 λαλοῦντες

216 3776 347 3856 ἑαυτοῖς
374 3783 517 3864 ψαλμοῖς
528 3779 550 3866 ι)
574 3783 607 3844 et
629 3777 846 3857 διδάσκοντες
867 3781 923 3846 καὶ
946 3787 1194 3862 νουθετοῦντες
1217 3784 1358 3864 ἑαυτοὺς

215 3889 392 3974 ψαλμοτςῗ)
422 3890 561 3954 indicare
589 3889 667 3956 nrihi
694 3891 855 3976 videntur,
888 3893 1029 3976 psalmos
1062 3897 1183 3962 musico
1220 3899 1356 3982 quodam

215 3999 310 4064 modo
334 3999 388 4084 (ἐν
410 3999 518 4084 χάριτι
541 3995 692 4088 ᾅδοντες)
715 4001 760 4067 ito
781 4005 1004 4087 pronuntiatos
1020 4023 1107 4092 esse,
1131 4011 1165 4072 ut
1180 4009 1300 4074 musica
1319 4033 1355 4076 ex

286 4265 309 4330 1)
328 4261 427 4333 aphes.
447 4261 480 4326 v,
502 4269 540 4318 ro.

283 4351 310 4416 2)
329 4345 431 4402 Colore.
450 4348 496 4414 111,
519 4355 555 4404 16.
