3242 4956
719 319 909 382 „9-

246 489 350 552 verbis
373 489 547 572 suppositis
569 489 712 572 pendens
733 489 1027 574 pronuntiationem
1055 489 1256 574 singulorum
1279 491 1389 555 verbo-

248 622 320 663 rum
342 602 467 663 tautum
490 599 715 664 solemniorem
737 621 773 663 ao
795 600 974 684 graviorem
996 600 1149 664 redderet.

333 709 402 786 Quo
424 713 568 794 tempore
589 710 682 794 pauci
704 713 830 774 tantum
851 710 996 774 homines
1020 711 1260 794 conveniebant,
1286 735 1389 796 neque

246 821 298 884 dei
320 821 423 885 cultus
444 821 521 884 satis
546 821 739 884 constitutus
760 823 842 903 erat,
870 821 1058 906 utquisque
1081 821 1196 905 voluit,
1225 820 1311 885 hunc
1338 823 1390 887 vel

246 931 337 995 illum
358 931 517 1014 psalmum
538 932 686 1014 canebat,
710 951 805 1014 quam
820 930 1082 995 consuetudinem
1097 952 1116 993 a
1129 931 1229 994 Paulo
1245 933 1389 1014 apostolo

247 1044 528 1106 commemoratam
536 1042 559 1127 ¹)
590 1041 820 1124 Tertullianus,
849 1041 903 1124 qui
925 1062 1009 1104 anno
1026 1041 1242 1106 ducentesimo
1265 1045 1389 1125 septua-

246 1153 369 1238 gesimo
392 1155 529 1216 mortem
552 1149 645 1234 obiit,
674 1151 770 1215 etiam
792 1172 849 1214 suo
872 1153 1016 1234 tempore
1038 1150 1227 1216 observavit.
1237 1151 1262 1237 ²)
1308 1151 1389 1216 Oum

246 1266 352 1326 autem
368 1261 623 1328 Christianorum
637 1283 788 1325 numerus
803 1262 905 1345 magis
920 1262 1084 1346 magisque
1101 1265 1264 1345 cresceret,
1287 1263 1389 1326 sanati

246 1376 352 1457 patres
376 1373 427 1438 dei
449 1373 570 1437 cultum
592 1371 738 1436 ordinare
761 1373 942 1454 coeperunt.
980 1369 1043 1436 sed
1071 1371 1268 1456 singularum
1292 1373 1388 1436 eecle-

246 1484 365 1547 siarum
401 1483 558 1567 episcopis
587 1503 644 1578 suo
673 1503 767 1566 saepe
795 1481 926 1545 arbitrio
955 1482 1090 1546 canendi
1116 1483 1386 1547 rationeminsti-

244 1593 407 1658 tuentibus
449 1596 540 1657 tanta
573 1593 639 1656 eius
673 1593 720 1656 rei
751 1592 887 1656 varietas
922 1595 1010 1676 erat,
1049 1596 1086 1656 ut
1117 1593 1287 1676 unicuique
1320 1593 1387 1657 fere

245 1705 395 1769 ecelesiae
418 1704 480 1768 alia
501 1703 659 1787 psallendi
675 1703 870 1767 consuetudo
893 1706 985 1767 esset.
1020 1702 1070 1767 Ex
1092 1703 1206 1787 quibus
1228 1703 1386 1788 psallendi

244 1815 415 1900 generibus
437 1814 595 1898 imprimis
617 1814 679 1877 tria
702 1803 979 1879 commemoranda
1001 1817 1083 1878 sunt.

328 1925 472 1989 Primum
494 1925 580 1988 enim
601 1925 717 2009 psalmi
731 1925 771 1988 ab
784 1925 947 2008 omnibus,
970 1925 1025 2009 qui
1045 1927 1274 2007 convenerant,
1297 1925 1388 2008 quasi

245 2059 283 2100 ex
304 2057 368 2099 uno
392 2057 462 2118 ore,
492 2035 605 2100 deinde
634 2035 679 2098 ita
708 2035 779 2099 cani
801 2035 961 2118 solebant,
990 2037 1026 2098 ut
1046 2035 1220 2118 psallentes
1251 2035 1286 2098 in
1308 2035 1387 2100 duos

244 2149 347 2210 tresve
370 2145 484 2210 choros
506 2145 642 2210 invicem
665 2148 814 2210 canentes
838 2149 945 2210 essent
967 2144 1076 2230 divisi,
1103 2144 1238 2228 denique
1261 2145 1300 2208 ab
1322 2167 1387 2209 uno

246 2259 372 2320 tantum
395 2257 537 2340 psalmus
559 2256 751 2320 recitabatur
766 2256 878 2320 ceteris
901 2257 1054 2340 quasdam
1069 2277 1216 2319 versuum
1232 2255 1387 2320 clausulas

244 2367 461 2451 repetentibus
494 2368 527 2430 et
553 2365 664 2430 breves
687 2367 839 2432 formulas
862 2366 997 2452 singulis
1019 2367 1215 2450 psalmorum
1243 2365 1387 2449 partibus

246 2477 518 2554 intercalantibus.

328 2587 436 2652 Prima
469 2595 500 2652 ia
532 2593 626 2653 cbcrc
653 2593 810 2668 psallendi
848 2587 1043 2651 consuetudo
1078 2609 1150 2651 raro
1188 2587 1272 2672 apud
1312 2588 1386 2651 scri·

243 2700 351 2782 ptores
384 2677 657 2763 commemoratur.
700 2696 780 2762 Cum
818 2698 904 2761 enim
933 2698 1129 2782 temporibus
1158 2697 1238 2781 illis,
1273 2697 1387 2780 quibus

243 2809 385 2872 nondum
412 2809 608 2873 canticorum
630 2808 720 2891 libri,
749 2809 857 2892 quales
880 2808 964 2892 apud
985 2829 1061 2891 nos,
1085 2809 1189 2890 erant,
1218 2807 1387 2891 unicuique

243 2919 437 3003 psalmorum
471 2920 568 2983 verba
599 2918 753 2982 memoria
788 2918 955 2982 retinenda
984 2920 1105 3000 essent,
1138 2917 1231 3001 pauci
1262 2920 1387 2982 tantum

244 3052 280 3093 ae
302 3030 481 3093 brevissimi
496 3029 611 3112 psalmi
633 3031 673 3092 ab
696 3029 844 3093 omnibus
867 3029 938 3093 cani
960 3029 1113 3092 solebant.
1141 3026 1386 3111 Chrysostomus

243 3140 357 3224 psalmi
374 3138 457 3204 CXL
479 3141 575 3203 verba
596 3162 696 3222 paene
720 3161 830 3203 omnes
853 3140 933 3204 scire
956 3141 988 3203 et
1014 3161 1072 3222 per
1099 3161 1226 3204 omnem
1250 3142 1386 3203 aetatem

242 3254 395 3334 perpetuo
419 3272 531 3315 canere
558 3250 644 3333 dicit,
652 3251 678 3335 3)
709 3250 792 3314 unde
818 3252 962 3334 apparet,
991 3249 1077 3314 hune
1103 3251 1261 3334 psalmum
1287 3273 1386 3313 unum
1432 3275 1443 3280 ·

244 3361 341 3424 fuisse
365 3383 403 3424 ex
424 3361 548 3444 pauciS,
571 3361 626 3444 qui
648 3383 667 3424 a
687 3363 757 3424 toto
779 3362 872 3424 coetu
892 3363 1089 3425 canerentur.
1122 3359 1260 3424 Basilius
1283 3361 1386 3424 simile

243 3471 362 3555 aliquid
385 3471 423 3534 de
445 3471 507 3535 alio
530 3471 654 3555 psalmo
677 3471 827 3553 narratl)

327 3581 439 3645 Altera
450 3582 646 3666 psalmorum
658 3581 873 3646 canendorum
889 3581 1084 3646 consuetudo
1100 3581 1237 3664 primum
1253 3580 1384 3644 aTheo-

311 3873 336 3938 1)
357 3877 378 3924 1.
398 3868 520 3924 eonati.
539 3869 610 3935 mv,
633 3876 673 3924 aa

310 3957 336 4022 2)
355 3955 470 4008 Tertull.
489 3955 600 4023 apolog.
620 3971 679 4024 cap.
699 3961 743 4009 39:
767 3956 799 4008 ut
816 3953 932 4023 quisque
947 3955 981 4009 de
1000 3953 1144 4023 scripturis
1162 3954 1265 4010 sanetis
1287 3957 1332 4010 vel
1349 3956 1384 4010 de

242 4038 356 4110 proprio
374 4038 487 4108 ingenio
504 4040 610 4108 potest,
628 4041 797 4108 provocatur
813 4040 843 4092 in
861 4039 983 4094 medium
1000 4040 1059 4095 Deo
1079 4056 1187 4096 canere.

310 4120 336 4193 3)
355 4123 495 4192 chrysost.
512 4125 542 4178 in
559 4125 697 4194 psalmum
716 4124 791 4178 CXL.

310 4213 336 4276 4)
363 4209 493 4276 Basilius,
517 4209 596 4278 epist.
618 4209 706 4264 LXIII
724 4210 761 4264 ad
777 4209 908 4264 Necnon:
936 4205 1043 4279 ciprinum
1072 4204 1130 4281 ἤδη
1157 4206 1383 4282 ὑπολαμπούσης

242 4295 348 4357 πάντες
367 4296 449 4365 κοινῇ
467 4290 504 4357 ὡς
523 4289 553 4360 ἐξ
572 4290 636 4357 ἕνὸς
654 4293 793 4364 στόματος
812 4295 861 4348 καὶ
885 4296 952 4363 μιᾶς
970 4297 1093 4364 καρδίας
1112 4294 1162 4351 τὸν
1181 4298 1232 4366 τῆς
1251 4292 1383 4366 ἐξομολο-

242 4374 350 4451 γήσεως
368 4375 484 4448 ψάλμον
504 4377 683 4450 ἀναφέρουσι
701 4382 739 4447 τῷ
755 4383 854 4456 κυρίῳ.
