3242 4956
692 335 902 402 -39-

224 513 323 575 tatem
338 507 529 574 Ambrosius
544 507 590 571 ita
604 507 755 572 facillime
776 507 894 571 evitare
909 506 1024 591 potuit,
1047 507 1184 591 utitem,
1207 529 1244 572 ac
1259 511 1373 593 poetae

224 643 282 706 pro
309 642 373 684 una
402 618 524 702 syllaba
551 617 650 704 longa
677 617 755 682 duas
783 618 895 682 breves
930 620 1072 702 ponunt,
1106 639 1164 702 pro
1196 640 1261 682 uno
1295 639 1374 682 sono

224 731 323 815 longo
347 729 426 793 duos
454 729 565 793 breves
587 749 655 792 non
677 727 805 812 quidem
827 748 966 811 semper,
995 727 1051 792 sed
1077 727 1130 792 hic
1158 731 1191 792 et
1216 728 1292 792 illue
1318 750 1374 813 po

224 842 324 904 neret.
370 838 440 915 Quo
462 839 514 923 fit,
541 841 578 902 ut
603 839 660 903 uni
683 838 823 922 syllabae
851 838 913 902 duo
935 838 1008 902 soni
1029 839 1238 923 applicentur.
1261 838 1374 904 Paullo

225 953 299 1014 ante
327 950 362 1013 in
390 949 504 1013 ultima
531 947 654 1033 syllaba
681 949 771 1014 verbi
805 949 933 1033 alleluja
965 948 1105 1032 primum
1132 949 1227 1034 duos,
1262 948 1375 1014 deinde

224 1061 332 1144 plures
355 1081 452 1125 sonos
476 1062 620 1125 cantatos
644 1079 729 1143 esse,
758 1081 889 1143 eamque
914 1059 1051 1124 formam
1072 1059 1315 1124 mclismatioam
1337 1081 1375 1124 cx

225 1171 298 1256 lege
319 1171 454 1235 metrica
476 1172 580 1234 ortam
601 1189 741 1234 neumam
763 1170 956 1254 appellabam
971 1191 1040 1234 esse
1061 1168 1208 1234 vidimus.
1252 1169 1375 1235 Primas

226 1281 384 1346 eiusmodi
405 1303 538 1345 neumas
567 1279 804 1365 simplicissimo
830 1278 981 1362 rhythmo
1010 1279 1183 1363 spondaico
1211 1281 1375 1345 decurrere

560 1398 630 1502 Η

226 1505 575 1576 demonstravimus:¹
616 1504 832 1574 ².Possunt
846 1508 942 1574 etiam
957 1509 1020 1572 alio
1035 1507 1185 1591 rhythmo
1201 1509 1375 1592 decurrere,

555 1641 629 1683 [1-

224 1775 356 1840 uttdac
354 1774 455 1858 ylico:
485 1729 610 1857 dn,
640 1773 706 1837 sive
727 1757 905 1837 trochaico:
929 1724 1084 1836 lla
1084 1771 1237 1838 tGuido
1270 1775 1374 1840 Areti-

223 1951 284 1992 nus
307 1927 394 1992 dicit.
439 1926 528 1991 Idem
551 1926 637 1990 enim
658 1948 789 1991 neumas
811 1925 945 2010 pedibus
967 1925 1146 1990 simillimas
1169 1948 1238 1991 esse
1260 1927 1370 1992 dicens

225 2052 349 2105 centum
392 2039 621 2103 Ambrosianum
663 2059 704 2102 ex
740 2042 853 2102 neumis
888 2039 1081 2117 compositum
1110 2057 1173 2102 esse
1202 2038 1374 2102 memoriae

225 2149 341 2232 prodit.
352 2149 376 2235 ¹)

312 2260 416 2324 Guido
439 2259 592 2323 Aretinus
615 2258 788 2346 (ea.10l'›0)
811 2256 976 2321 Ambrosii
999 2260 1127 2322 cantum
1149 2257 1203 2322 hie
1218 2258 1371 2344 allegans,

226 2370 327 2453 qualis
350 2370 404 2434 ille
427 2371 538 2433 cantus
560 2368 670 2452 fuerit,
694 2371 779 2433 certe
793 2389 860 2432 non
874 2367 1044 2452 ignoravit.
1072 2367 1174 2444 Quem
1196 2369 1371 2434 sitantum

226 2502 263 2544 ex
285 2480 371 2544 fama
393 2483 425 2544 et
446 2479 607 2543 auditione
635 2480 834 2562 compertum
862 2477 1041 2562 habuisset,
1068 2479 1102 2543 in
1130 2477 1242 2543 eodem
1270 2480 1374 2563 capite

225 2612 292 2654 non
314 2589 462 2655 dixisset:
486 2591 580 2654 ‘sieut
595 2589 678 2672 apud
693 2589 901 2653 Ambrosium
917 2589 1058 2652 curiosus
1074 2589 1217 2654 invenire
1232 2591 1372 2675 poterit’.

225 2700 347 2767 Cantus
376 2701 584 2764 Ambrosiani
617 2702 827 2763 monumenta
859 2699 948 2782 vivs,
982 2700 1095 2762 modos
1124 2698 1193 2763 dico
1221 2700 1373 2784 musicos

296 2958 320 3022 1)
341 2952 432 3008 Guido
451 2952 557 3008 Aretin.
581 2969 641 3021 cap.
663 2957 694 3005 15
717 2951 793 3020 apud
811 2950 988 3018 lietbertum,
1017 2952 1052 3005 de
1079 2953 1151 3006 eant.
1170 2955 1200 3008 et
1216 2971 1285 3007 mus.
1305 2971 1375 3010 sacr.

225 3041 292 3094 tom.
314 3040 334 3091 Ι.
354 3025 382 3108 p'ss
400 3043 458 3092 253.
490 3036 561 3091 Sunt
579 3036 658 3105 quasi
675 3035 797 3104 prosaici
815 3036 923 3102 cantus,
944 3035 972 3089 in
991 3036 1091 3104 quibus
1108 3053 1164 3091 non
1182 3040 1225 3092 est
1243 3055 1333 3105 curae,
1351 3039 1374 3094 si

226 3123 298 3177 aliae
316 3121 437 3176 maiores
455 3122 527 3176 aliae
545 3119 666 3176 minores
683 3121 778 3190 partes
796 3122 824 3174 et
842 3119 1033 3176 distinctiones
1050 3138 1102 3192 per
1118 3121 1180 3177 loca
1198 3122 1256 3177 sine
1275 3123 1374 3179 discre-

225 3207 302 3261 tione
325 3205 502 3260 inveniantur
524 3223 602 3260 more
624 3221 779 3274 prosarum.
815 3204 946 3260 Metricos
974 3207 1068 3260 autern
1091 3207 1188 3262 cantus
1211 3207 1285 3264 dico:
1308 3209 1375 3278 quia

226 3307 311 3360 saepe
328 3291 370 3345 ita
388 3291 525 3357 canimus,
543 3292 575 3344 ut
592 3290 673 3358 quasi
684 3306 778 3344 versus
795 3289 914 3359 pedibus
926 3291 1059 3344 scandere
1071 3291 1230 3359 videamur,
1248 3293 1319 3348 sicut
1334 3293 1373 3362 fit,

226 3394 289 3430 cum
306 3375 428 3447 ipsamet
447 3375 578 3430 canimus.
614 3377 645 3428 In
667 3375 768 3444 quibus
792 3374 945 3429 cavendum
970 3377 1026 3442 est,
1053 3393 1088 3430 ne
1110 3363 1265 3446 superfluae
1289 3379 1374 3433 couti·

225 3463 344 3516 nuauter
370 3477 488 3515 neumae
516 3459 683 3528 dissyllabae
709 3459 768 3514 sine
795 3459 966 3516 admixtione
995 3460 1204 3530 trisyllabarum
1231 3480 1264 3517 ao
1289 3463 1374 3518 tetra·

226 3547 397 3614 syllabarum
415 3545 562 3615 ponantur.
587 3544 665 3598 Sicut
681 3545 761 3614 lyrici
778 3547 880 3614 poetae
898 3563 972 3600 nuno
988 3545 1040 3599 hos
1057 3564 1130 3601 nuno
1146 3546 1209 3601 illos
1221 3545 1373 3603 adiunxere

228 3631 328 3700 pedes,
350 3631 441 3685 itaet
463 3629 511 3698 qui
533 3632 646 3684 cantum
667 3629 784 3696 faciunt,
807 3628 1014 3684 rationabiliter
1036 3630 1183 3698 discretas,
1205 3631 1310 3700 idest,
1334 3633 1373 3686 di-

226 3732 320 3770 versas
344 3717 514 3783 componunt
540 3731 669 3769 neumas.-
699 3714 885 3768 Rationabilis
907 3715 981 3768 enim
1003 3714 1134 3769 discretio
1153 3721 1208 3782 est,
1232 3717 1256 3770 si
1277 3716 1319 3771 ita
1341 3719 1374 3772 fit

224 3816 388 3853 neumarum
407 3799 435 3852 et
454 3799 663 3852 distinctionum
685 3799 833 3852 moderata
853 3798 987 3852 varietas:
1010 3801 1042 3854 ut
1059 3801 1155 3855 tamen
1172 3818 1291 3856 neumae
1307 3819 1372 3857 neu-

225 3885 277 3938 mis
302 3887 331 3938 et
358 3883 547 3938 distinctiones
576 3883 799 3937 distinctionibus
827 3882 949 3951 quadam
976 3901 1086 3954 semper
1112 3885 1291 3940 similitudine
1319 3887 1372 3948 sibi

225 3970 409 4024 consonanter
426 3969 626 4039 respondeant,
644 3968 674 4021 id
692 3970 745 4036 est,
764 3969 801 4022 sit
818 3967 970 4022 similitudo
988 3967 1127 4023 dissimilis
1144 3987 1222 4024 more
1232 3971 1371 4040 perdulcis

225 4054 372 4109 Ambrosii.
408 4053 471 4106 Non
489 4055 582 4108 autem
600 4071 693 4128 parva·
706 4053 858 4108 similitudo
877 4054 920 4108 est
937 4053 1033 4108 metris
1051 4055 1079 4107 et
1098 4055 1239 4109 cantibus:
1264 4073 1326 4109 cum
1344 4058 1374 4109 et

225 4155 342 4193 neumae
369 4139 430 4192 loco
458 4138 514 4192 sint
537 4139 654 4208 pedum,
677 4141 706 4192 et
733 4138 923 4192 distinctiones
946 4138 1007 4192 loco
1025 4155 1167 4206 versuum,
1195 4141 1294 4209 utpote
1316 4139 1373 4194 ista

225 4239 326 4277 neuma
344 4222 493 4292 dactylico,
516 4223 565 4277 illa
586 4238 652 4278 vero
675 4222 840 4294 spondaico,
862 4223 911 4277 illa
927 4222 1048 4278 iambico
1066 4225 1157 4278 metro
1176 4223 1317 4290 decurret,
1343 4227 1373 4278 et

226 4307 430 4362 distinctionem
451 4309 648 4363 tetrametram
669 4325 741 4362 nunc
761 4308 968 4378 pentametram
989 4307 1059 4362 alias
1077 4307 1159 4377 quasi
1180 4309 1372 4363 hexametram

226 4409 332 4446 cernes.
