3242 4956
691 291 901 354 ..10-

223 461 334 524 doreto
351 464 629 544 commemoratur,
652 462 706 544 qui
721 461 907 525 Flavianum
923 465 955 525 ct
970 461 1146 527 Diodorum
1169 463 1203 526 in
1226 463 1360 526 ecclesia

224 570 433 636 Antiochensi
461 571 666 654 psallentium
694 570 824 635 chorum
851 573 885 636 in
913 573 989 636 duas
1018 576 1124 656 partes
1151 573 1292 657 psalmos
1319 573 1365 637 in-

224 681 324 744 vicem
348 684 496 745 canentes
520 681 664 746 divisisse
686 681 771 745 dicit.
785 681 807 768 ¹)
856 681 925 746 Viri
955 683 1002 747 illi
1025 689 1208 764 antiphonas
1230 705 1296 746 non
1319 683 1365 746 in-

224 794 394 874 venerunt,
429 792 484 855 scd
517 813 554 856 co
577 791 696 874 optime
725 792 764 856 dc
795 797 889 857 cantu
924 815 1013 857 sacro
1048 796 1248 875 merucrrmt,
1283 793 1367 876 quod

224 901 393 984 pristinam
426 904 519 984 atque
551 901 723 986 ingenuam
757 903 913 986 psallendi
947 904 1105 968 rationem
1140 903 1262 966 Davide
1291 925 1366 986 rege

225 1011 307 1094 apud
324 1011 456 1074 ludaeos
478 1011 626 1074 usitatam
635 1011 660 1096 ²)
684 1013 717 1075 in
738 1013 903 1076 ecclesiam
925 1012 1140 1078 Christianam
1162 1013 1365 1076 induxerunt.

226 1121 310 1196 Quas
337 1121 529 1204 antiphonas
560 1121 672 1186 Graeci
701 1125 734 1185 ct
755 1122 861 1186 Latini
890 1145 964 1186 mox
993 1123 1108 1187 imitati
1132 1125 1214 1186 sunt.
1279 1122 1368 1185 Basi-

226 1232 286 1295 lius
319 1232 403 1295 enim
432 1233 651 1318 (ssa-379)
685 1233 769 1296 idern
802 1235 867 1297 fere
896 1234 934 1297 de
963 1256 1019 1296 sua
1052 1234 1185 1297 ecclesia
1215 1233 1367 1316 narrat.³)
1414 1253 1420 1266 ·

227 1341 277 1404 Ab
301 1341 472 1404 Ambrosio
495 1342 627 1406 candem
650 1343 805 1426 psallendi
828 1344 984 1408 rationem
1007 1343 1041 1406 in
1056 1343 1183 1407 ltaliam
1205 1341 1367 1406 inductam

227 1475 296 1516 esse
316 1451 461 1530 kidorus
484 1455 661 1537 testatur.⁴)

312 1562 419 1626 Tertia
441 1563 595 1645 psallendi
618 1564 708 1645 ratic,
738 1577 847 1628 corilus
869 1571 1092 1646 responsorius,
1124 1564 1221 1648 longe
1245 1562 1362 1646 saepis-

229 1674 307 1737 sime
331 1674 413 1756 apud
442 1673 612 1756 scriptores
641 1677 913 1739 commemoratur.
958 1675 1025 1738 lam
1046 1674 1139 1738 Pbilo
1166 1673 1249 1756 apud
1272 1673 1369 1736 Eusc-

228 1783 349 1866 biunrl)
373 1783 587 1865 'therapeutas
610 1785 649 1848 ad
668 1784 891 1848 Alexandriam
915 1785 1025 1848 urbem
1048 1783 1273 1848 convenientes
1296 1803 1367 1844 can-

228 1894 291 1958 tica
313 1893 466 1976 quaedam
487 1895 864 1976 responsorianecinisse
886 1899 1001 1958 narrat.
1047 1894 1124 1974 sed,
1151 1915 1228 1956 num
1250 1891 1366 1955 'lbera-

229 2007 341 2088 pentae
375 2003 549 2067 (lbristiani
583 2005 716 2088 suerint,
758 2027 795 2068 eo
829 2006 891 2068 iam
922 2009 1080 2088 tempore,
1114 2025 1176 2087 qno
1210 2001 1367 2065 Eusebius

229 2113 394 2178 historiam
422 2115 666 2178 ecclesiasticam
696 2115 836 2198 scripsit,
864 2115 1020 2178 incertum
1048 2117 1116 2178 erat
1144 2135 1246 2196 neque
1269 2110 1371 2174 adbuc

230 2225 307 2288 satis
323 2227 458 2288 constat.
482 2223 626 2288 Eandem
638 2248 721 2308 vero,
738 2249 800 2309 (pra
810 2225 1028 2310 'l'herupentae
1044 2224 1223 2304 utebantur,
1236 2220 1369 2285 canendi

230 2335 384 2398 rationein
415 2357 488 2398 mox
522 2335 605 2418 apud
633 2335 833 2400 Christianos
861 2336 1076 2398 increbescere
1108 2333 1260 2397 videmus.
1306 2331 1372 2394 lam

231 2446 315 2508 eninr
340 2445 373 2507 in
402 2445 576 2508 canonibus
604 2448 637 2508 et
664 2446 697 2508 in
725 2446 1006 2510 constitutionibus
1033 2443 1217 2536 apostolicis
1246 2445 1278 2504 et
1306 2441 1374 2524 ipse

231 2557 342 2618 cantus
371 2555 624 2640 responsoriusl)
659 2559 691 2618 et
718 2555 795 2618 ordo
830 2557 966 2638 psaltnrn
996 2555 1210 2636 lectorumque
1240 2573 1374 2614 conunc-

231 2668 386 2748 moratnr‚
417 2687 549 2748 quorum
576 2665 693 2729 alteros
716 2665 855 2750 psalmos
877 2665 1073 2750 praecinere,
1102 2659 1218 2728 alteros
1240 2661 1279 2724 de
1302 2661 1375 2724 scri-

231 2777 334 2862 pturis
357 2777 475 2840 sanctis
498 2776 630 2839 recitare
652 2775 828 2860 oportebat.
859 2776 950 2839 Hand
967 2798 1038 2838 raro
1055 2775 1150 2838 etiarn
1166 2771 1378 2836 corrrcniebat

232 2889 265 2952 in
290 2911 351 2950 nna
374 2909 509 2971 persona
532 2889 662 2970 uterque
685 2887 778 2970 orde,
802 2891 837 2950 ut
852 2886 1045 2950 Sozoruenus
1063 2883 1257 2947 Marcianum
1281 2903 1376 2964 ‹pren-

303 3103 327 3157 ll
346 3099 546 3164 Theodoram,
565 3098 628 3152 hist.
642 3097 706 3152 eccl.
720 3098 753 3162 ΙΙ,
772 3103 817 3150 24:
837 3087 919 3152 οὗτοι
937 3099 1042 3164 πρῶτον
1061 3096 1129 3164 διχῇ
1147 3087 1292 3154 διελόντες
1313 3086 1379 3153 τούς

233 3187 290 3239 τῶν
309 3178 482 3250 ψαλλόντων
506 3179 607 3252 leporio
630 3179 660 3238 ἐκ
679 3185 848 3252 παραδοχῆς
868 3175 952 3256 ᾅδειν
971 3177 1024 3250 τήν
1049 3175 1213 3246 Δαϋιδεκήν
1236 3172 1380 3242 ἐδίδαξαν

233 3271 390 3342 μελῳδίαν.
426 3268 475 3321 καὶ
504 3269 588 3324 τοῦτο
614 3263 645 3322 ἐν
667 3265 823 3342 Ἀντιοχείᾳ
847 3269 960 3334 πρῶτον
984 3259 1148 3334 ἀρξάμενον
1170 3255 1294 3316 ποντόοε
1320 3257 1378 3312 διὲ-

235 3357 325 3422 δραμε
346 3354 393 3408 καὶ
412 3351 553 3421 κατέλαβε
572 3355 622 3421 τῆς
640 3351 813 3421 οἰκουμένης
832 3346 866 3405 zoi
886 3349 1020 3419 τέρματα.

302 3446 328 3491 ⁸2)
348 3439 381 3491 cl.
404 3437 579 3502 Snalscbdtz,
608 3436 773 3491 Gescbicbte
795 3434 850 3488 und
869 3433 1047 3500 Wr'irdignng
1071 3431 1120 3484 der
1144 3429 1234 3484 Musilr
1257 3427 1301 3482 hei
1327 3425 1380 3478 den

235 3524 387 3581 llebrl'scrn.
407 3541 433 3592 p.
453 3529 562 3576 ‘ll-30.

301 3616 327 3674 3)
350 3605 479 3672 Basilius,
506 3605 586 3676 epist.
609 3605 696 3660 blllll
720 3605 756 3659 sd
779 3603 943 3656 Necacsam
970 3596 1001 3656 ἓν
1025 3595 1129 3662 νυκτὸς
1148 3591 1278 3668 ὀρθοίζει
1308 3595 1378 3664 παρ’

238 3691 306 3762 ἡμῖν
328 3689 343 3746 ὁ
369 3686 437 3755 λαός
461 3685 508 3746 bn
537 3686 588 3744 τόν
611 3687 692 3744 οἷκον
715 3691 766 3758 τῆς
792 3689 954 3756 προσευχῆς
981 3685 1029 3738 sal
1061 3681 1103 3746 εἰς
1127 3679 1180 3750 τὴν
1206 3683 1383 3752 ψυλμῳδιάν

237 3779 443 3830 antiomenon·
463 3775 512 3830 sut
526 3775 579 3830 νῦν
596 3771 648 3844 μὲν
661 3775 728 3843 διχῇ
744 3765 972 3842 διαῧεμηθέννες
991 3761 1220 3829 ἆνιιυάλλουοιν
1236 3759 1380 3836 ἀλλήλους.

304 3865 330 3919 n
358 3861 490 3926 lsidornr,
518 3859 552 3914 dc
579 3859 649 3914 ollio.
682 3859 748 3912 eccl.
774 3875 833 3926 eali.
854 3863 881 3908 8:
910 3855 991 3926 Apud
1013 3853 1127 3908 Latinos
1154 3855 1247 3906 autern
1275 3850 1381 3920 primns

236 3945 412 4000 beatissimus
431 3943 594 4000 Ambrosius
613 3943 781 4014 antiphonas
799 3939 942 3996 constituit
954 3941 1127 3992 Graecorum
1146 3935 1303 4006 exemplum
1322 3933 1381 3987 iuri·

238 4035 324 4086 tntus:
349 4048 381 4084 nx
405 4029 468 4084 hinc
487 4029 514 4083 in
533 4028 638 4084 cunctis
657 4026 777 4084 occiduis
795 4025 956 4094 regionibus
979 4039 1074 4078 carum
1094 4031 1157 4076 usu⁸
1176 4019 1321 4074 increbuit.
1350 4019 1385 4072 ct.

241 4117 359 4184 hrrgust.
379 4117 494 4168 confess.
513 4113 559 4180 lx,
577 4131 599 4168 c.
618 4119 642 4170 7.

310 4203 336 4265 δ)
355 4199 455 4254 Ευεοῐ).
474 4199 539 4253 hist
559 4199 626 4252 cccl.
647 4199 680 4264 ll,
699 4215 758 4268 cap.
781 4203 819 4252 17.

211 4343 214 4350 Ι
306 4291 332 4352 6)
352 4283 467 4340 Constit
487 4289 577 4354 apost.
596 4284 629 4347 ll,
649 4301 708 4352 cap.
726 4289 771 4338 bl:
791 4279 885 4350 ἕτερός
903 4301 945 4344 τις
965 4273 1031 4340 τούς
1046 4277 1176 4338 Anticles
1189 4265 1297 4342 ὕμνους
1311 4279 1384 4340 ψαλ-

240 4369 324 4442 λέτω,
344 4371 393 4426 sul
411 4363 427 4428 ὁ
447 4365 515 4434 λαὸς
534 4364 570 4426 τὰ
589 4361 758 4440 incontigua
776 4363 976 4436 ὖνιουανῑλέτω.
