3242 4956
715 289 923 350 -14-

241 453 340 519 flexus
363 455 462 519 iubilo
485 454 570 520 haud
592 455 748 520 absimilis
760 457 783 542 ¹)
810 457 993 522 cantoribus
1015 458 1060 522 ita
1075 458 1208 542 placuit,
1236 461 1272 522 ut
1295 458 1388 541 sylla·

244 565 319 630 bam
342 566 438 630 etiam
460 565 563 651 magis
585 565 826 651 protraherent,
849 567 904 632 sed
927 589 1052 652 semper
1075 569 1185 632 eodem
1200 568 1305 652 modo,
1329 589 1392 652 quo

243 678 336 740 antea
362 675 482 740 factum
515 679 579 759 est,
611 698 726 761 nempe
754 678 814 762 ita,
842 681 878 742 ut
899 677 1030 744 ultimus
1061 700 1159 743 sonus
1189 700 1260 744 oum
1288 678 1392 761 primo

245 789 390 870 tempore
413 789 617 872 congrueret:

574 899 736 1058 ulan
756 901 818 1029 ἱ..

572 1125 734 1208 alleluja
756 1163 797 1171 -
823 1077 856 1172 ἶ
887 1077 946 1190 -¹-.

571 1285 736 1368 alleluja
761 1323 797 1333 -
825 1237 859 1334 ἶ
886 1237 923 1335 -1-
952 1237 986 1332 ἶ
1012 1237 1073 1350 -1-.

245 1397 314 1472 Qua
336 1418 384 1480 re,
408 1397 505 1479 prout
525 1417 583 1479 per
605 1395 684 1478 duo,
712 1399 861 1491 quatuor,
890 1417 946 1460 sex
967 1399 1113 1480 tempora
1134 1395 1246 1459 ultima
1268 1395 1390 1478 syllaba

241 1509 403 1590 protracta
425 1507 487 1588 est,
510 1505 650 1568 minores
672 1508 735 1568 aut⁴
748 1505 884 1570 maiores
907 1509 994 1569 ortae
1015 1507 1091 1569 sunt
1106 1508 1209 1570 certae
1231 1506 1387 1570 molismo·

240 1621 308 1680 tum
330 1616 461 1698 formae,
484 1636 573 1698 quae,
596 1636 659 1698 quo
674 1615 811 1700 magisa
833 1615 954 1680 clericis
970 1615 1021 1678 vel
1037 1619 1204 1679 contorum
1227 1614 1332 1679 choris
1354 1615 1389 1679 in

241 1729 337 1790 cantu
371 1724 616 1808 adhibebantur,
651 1746 688 1788 eo
722 1725 923 1790 artificiosius
953 1726 1156 1790 canebantur.
1201 1723 1387 1788 Theodorus

242 1839 302 1924 (ca.
332 1821 399 1900 650‘
416 1858 447 1918 p.
479 1832 536 1900 Oh.
566 1839 613 1916 nl
644 1835 760 1900 laicum
792 1835 827 1898 in
854 1835 987 1900 ecclesia
1014 1857 1080 1900 non
1113 1835 1227 1899 debere
1256 1835 1388 1900 recitare

240 1945 410 2011 lectionem
432 1945 544 2010 scribit
570 1966 629 2009 nec
658 1945 785 2029 alleluja
807 1945 925 2030 dicere,
953 1945 1008 2009 sed
1034 1945 1175 2030 psalmos
1203 1947 1327 2008 tantum
1356 1947 1389 2008 et

240 2055 444 2140 responsoria
476 2055 545 2119 sine
579 2055 706 2139 alleluja
718 2055 760 2140 ²);
799 2055 884 2119 unde
917 2077 1028 2120 vocem
1064 2055 1192 2139 alleluja
1228 2053 1388 2120 Tbeodori
1419 2073 1424 2084 ·

240 2167 303 2230 iam
325 2169 469 2250 tempore
492 2188 510 2229 a
533 2167 698 2230 cantorum
720 2167 845 2228 tantum
868 2164 974 2230 choris
996 2169 1127 2249 propter
1152 2165 1285 2229 nimiam
1307 2165 1388 2228 diffi-

240 2277 390 2341 cultatem
413 2277 572 2340 cantabam
595 2296 663 2339 esse
686 2278 826 2359 apparet.
834 2275 860 2360 ³)
911 2275 1126 2340 Melismatum
1156 2275 1231 2338 illae
1266 2275 1388 2338 formae

240 2407 366 2452 neumae
388 2385 564 2470 appellatae
587 2388 671 2450 sunt.
723 2385 862 2461 Quarum
885 2385 1043 2470 originem
1069 2389 1164 2470 aulus
1185 2407 1389 2471 progressum

163 2487 419 2666 <accuratius
441 2495 633 2579 perscrutari
649 2495 720 2559 ideo
743 2495 853 2580 magni
875 2494 955 2559 mihi
988 2496 1143 2579 interfiat,
1180 2495 1265 2578 quod
1286 2496 1389 2580 prima

239 2607 273 2670 in
295 2607 334 2670 iis
363 2605 500 2670 musices
534 2605 670 2691 vestigia
704 2627 742 2670 ex
770 2605 938 2670 verborum
967 2605 1097 2690 syllabis
1124 2626 1191 2669 non
1219 2605 1388 2690 pendentis

239 2717 391 2782 videmus.
430 2714 511 2781 Oum
533 2716 618 2780 enim
640 2715 724 2799 apud
751 2719 873 2780 veteres
896 2719 929 2780 et
950 2715 1084 2780 Iudaeos
1107 2719 1139 2779 et
1161 2714 1299 2780 Graecos
1321 2739 1388 2780 mu·

242 2828 309 2892 sica
331 2849 404 2892 cum
426 2827 530 2892 verbis
553 2827 598 2890 ita
620 2825 734 2891 fuisset
748 2847 910 2910 connexa,
932 2829 968 2890 ut
990 2826 1024 2890 in
1045 2829 1140 2890 cantu
1162 2826 1299 2912 singulis
1321 2849 1388 2892 ver-

238 2938 352 3010 borum
375 2937 506 3021 syllabis
535 2959 617 3001 unus
647 2959 744 3000 sonus
773 2941 871 3020 esset,
899 2935 952 3000 hic
973 2936 1112 3020 primum
1140 2949 1241 3000 serlus
1260 2945 1389 3004 musicus

235 3052 356 3126 formas
370 3053 469 3112 verbis
483 3068 543 3112 non
564 3053 725 3128 suppositis
746 3069 785 3111 ex
807 3047 878 3134 lege
900 3045 1032 3112 metrica
1054 3049 1139 3110 ortas
1168 3045 1388 3110 animadverti-

238 3179 318 3222 mus.
363 3157 426 3220 Ars
448 3157 583 3240 musica,
613 3178 692 3240 quae
719 3156 802 3240 apud
831 3159 954 3222 veteres
979 3157 1069 3240 poesi
1097 3156 1187 3242 quasi
1215 3179 1305 3222 serva
1334 3157 1388 3222 ob·

238 3267 372 3350 edierat,
401 3266 453 3330 hic
475 3267 614 3350 primum
635 3266 794 3331 recordari
817 3267 957 3350 videtin,
987 3289 1021 3330 se
1043 3289 1110 3332 non
1132 3267 1235 3332 solum
1258 3271 1388 3351 propter

240 3377 318 3442 alias
342 3381 442 3460 artes,
466 3377 521 3440 sed
544 3377 639 3442 etiam
661 3381 792 3460 propter
815 3399 848 3441 se
863 3377 965 3461 ipsam
980 3375 1164 3440 hominibus
1187 3399 1256 3440 essa
1271 3376 1387 3440 datam.

240 3489 402 3565 Quantum
428 3491 536 3552 autem
565 3508 698 3550 neumas
734 3487 773 3550 ad
801 3489 929 3550 cantum
958 3507 1081 3550 sacrum
1109 3485 1309 3550 artificiosius
1337 3508 1387 3550 ex·

240 3598 410 3662 colendum
432 3597 613 3680 attulerint,
636 3599 763 3680 postea,
793 3617 864 3660 cum
887 3595 951 3660 iam
973 3595 1210 3680 pervenerimus
1239 3595 1278 3660 ad
1301 3596 1387 3662 aliud

237 3711 382 3772 nostrum
411 3708 450 3774 de
472 3705 635 3772 Ambrosii
663 3705 790 3790 hymnis
813 3705 909 3770 verba
931 3705 1068 3770 faciendi
1090 3707 1307 3792 propositum,
1336 3707 1387 3770 clo-

238 3821 416 3884 monstrare
439 3819 633 3884 conabimur.

309 4045 333 4104 ¹)
352 4039 385 4092 cl.
406 4039 516 4106 August
534 4055 623 4094 anam.
642 4039 671 4094 in
689 4038 788 4108 psalm.
809 4045 854 4104 32,
872 4057 898 4094 u.
918 4045 941 4094 8.

305 4129 331 4177 :li
351 4123 717 4194 ll'Aclrory,Syricilegiun1.
738 4123 780 4178 od.
802 4124 887 4180 Paria.
902 4129 975 4180 ltus.
994 4124 1039 4179 sol.
1059 4127 1126 4178 tour.
1139 4125 1157 4178 l.
1178 4143 1204 4194 p.
1214 4131 1271 4180 488.
1291 4125 1384 4180 XLlll.

305 4211 331 4276 3)
352 4209 384 4262 cl.
405 4207 434 4260 ll.
456 4207 553 4262 Wolll':
573 4209 664 4264 Uober
683 4209 727 4264 dio
745 4207 808 4264 Lais
826 4227 853 4280 p.
873 4215 931 4266 ⁶28⁷.
