3242 4956
704 327 918 388 -22-

235 495 330 573 Ὁδὸς
351 495 495 581 οὐρανία
507 499 547 581 Ι),
571 499 670 581 λόγος
692 494 827 574 ἀέναος,
931 532 964 549 νυ
985 543 1007 552 -
1024 535 1060 550 w
1116 533 1150 548 w
1168 542 1186 550 -
1257 543 1276 550 -

146 667 152 682 ,
241 605 327 673 αιόδν
350 605 544 696 ἅπλετοςῖ),
568 613 642 692 φώς
664 605 793 688 ἀΐδιον,

242 718 359 794 ἐλέους
381 719 483 802 πηγῆ,
506 716 631 803 ῥεκτῆρ
653 717 790 801 οἷρετῆς,

239 825 346 912 σεμνῆ
368 831 466 912 βιοτῆ
487 825 574 892 θεὸν
597 824 817 911 ὑμνούντων,

201 966 226 1004 es
240 939 363 1024 Χριστὲ
383 937 509 1022 Ἰησοῦ,
532 937 619 1019 μάλα
641 937 805 1022 οὐράνιον

239 1054 377 1132 μαστῶν
394 1052 573 1133 γλυκερῶν
588 1048 724 1132 νύμφης
741 1051 899 1130 χαρίτων,
921 1106 953 1126 ,-
979 1109 1000 1116 ,
1017 1098 1053 1116 W
1071 1109 1089 1115 „
1115 1110 1136 1116 ,
1160 1111 1181 1116 ,
1257 1111 1276 1118 ,

241 1162 364 1242 σοφίας
386 1162 445 1242 τῆς
467 1163 544 1242 σῆς,
570 1158 829 1242 ἐκθλιβόμενον.
925 1207 962 1224 e„

283 1268 328 1332 Oi
347 1271 506 1352 νηπίαχοι
528 1266 665 1346 ἁπαλοῖς
685 1268 851 1352 στόμασιν
933 1319 951 1326 -
977 1321 998 1328 -
1070 1321 1087 1328 -
1165 1320 1182 1328 -
1257 1323 1275 1330 -

239 1377 494 1462 α’τιταλλόμενοι
514 1384 623 1463 θηλῆς
645 1383 796 1462 λογικῆς,

200 1487 405 1574 ωπνεύματι
428 1490 581 1574 δροσερῷ
604 1489 850 1574 ἐμπιπλάμενοι
934 1495 1003 1552 A„
1069 1543 1088 1550 -
1160 1522 1178 1550 ι
1257 1543 1275 1550 -

239 1604 357 1676 αλνοος
378 1597 532 1682 ἀφελεῖς,
556 1597 685 1683 ὕμνους
706 1597 857 1684 α’τρειιεῑς
934 1654 951 1660 -
979 1654 995 1660 -
1015 1645 1052 1662 w
1070 1653 1088 1660 -
1114 1653 1132 1661 -

238 1713 376 1794 βασιλεῖ
396 1713 528 1794 Χριστῷ
550 1707 696 1793 μισθοδς
717 1709 833 1787 ὁσίους

239 1824 322 1904 ζωῆς
344 1819 482 1904 διδαχῆς
503 1819 682 1905 μέλπωμεν
704 1820 808 1905 ὁμοῦ,

239 1929 419 2013 μέλπωμεν
442 1927 557 2007 ἁπλῶς
577 1931 682 1995 παῖδα
705 1931 881 2014 κρατερόν.
934 1983 948 1989 -
981 1981 997 1988 -
1072 1981 1089 1988 -
1116 1981 1134 1989 -
1161 1982 1179 1990 -
1258 1983 1274 1990 -

201 2037 351 2124 ωΧορδς
372 2041 526 2126 εἰρήνης,
548 2042 584 2105 ολ
603 2042 833 2125 χριστόγονοι,
926 2081 963 2100 νυ
980 2090 997 2099 -
1025 2091 1043 2100 -
1066 2091 1085 2099 -
1111 2093 1129 2101 -
1158 2091 1175 2100 -
1257 2093 1274 2100 -

240 2147 320 2228 λαός
342 2149 509 2234 σώφρων,
936 2201 954 2210 -
979 2201 1000 2211 -
1025 2203 1046 2212 -
1068 2203 1085 2210 -

242 2261 425 2344 φάλλωμεν
447 2257 534 2343 ὁμοῦ
556 2258 641 2324 θεὸν
663 2262 806 2346 εἰρήνης.
936 2312 954 2320 -
980 2312 997 2319 -
1015 2303 1053 2321 w
1071 2312 1088 2320 -
1107 2305 1144 2322 c„
1162 2313 1178 2321 -
1205 2313 1223 2321 -
1254 2315 1273 2322 -

326 2464 501 2528 Clementis
523 2465 661 2528 editores
683 2465 838 2548 hymnum
861 2467 932 2532 ideo
955 2471 989 2533 in
1010 2471 1155 2554 dipodius
1177 2471 1385 2555 descripsisse

240 2575 403 2657 videntur,
432 2575 517 2658 quod
539 2597 779 2659 nonnumquam
801 2580 998 2662 tetrapodiae
1025 2581 1157 2646 dimidia
1184 2605 1258 2666 pers
1287 2583 1386 2647 deest.

157 2745 160 2754 ,
241 2685 303 2750 Sed
325 2688 451 2749 tantum
474 2685 578 2768 abest,
606 2690 643 2749 ut
670 2686 748 2751 haec
776 2709 826 2751 res
853 2711 904 2752 me
937 2689 1104 2773 impediet,
1133 2692 1304 2775 quominus
1328 2691 1387 2774 hy-

241 2819 350 2860 mnum
374 2797 407 2860 in
429 2797 624 2880 tetrapodias
647 2797 839 2882 describam,
867 2803 903 2862 ut
925 2801 1101 2864 accuratius
1128 2801 1163 2864 in
1190 2824 1257 2866 rem
1284 2803 1387 2885 inqui-

240 2907 331 2971 rendi
360 2931 486 2972 eausam
518 2907 597 2972 mihi
623 2909 782 2992 praebeat.
827 2909 960 2993 Semper
993 2911 1078 2974 enim
1110 2911 1240 2994 dipodia
1273 2912 1386 2976 ultimo

311 3191 335 3254 1)
354 3204 379 3240 v.
399 3193 431 3240 22
450 3187 479 3240 et
496 3193 542 3241 23:
569 3182 990 3257 δδδς...λόγος,..αἰών..
1027 3191 1061 3242 el.
1079 3189 1142 3243 Joh.
1160 3190 1232 3254 XIV,
1254 3197 1283 3244 6:
1311 3189 1387 3260 λέγει

240 3265 319 3339 αὐτῷ
338 3265 498 3341 ὁ’1ησοῦς’
519 3263 590 3340 Ἐγώ
613 3271 673 3342 εἰμι
695 3269 906 3342 didiceritis}
929 3268 1058 3342 ἆλῆθεια
1080 3275 1129 3328 καὶ
1154 3271 1170 3342 ἡ
1192 3271 1257 3344 ζωή.
1280 3271 1388 3344 ’Ἴχνια

242 3358 388 3425 Χριστοῦ’,
406 3373 478 3424 quae
496 3356 584 3410 verba
600 3356 629 3410 in
641 3357 808 3412 editionibus
821 3356 949 3410 omnibus
961 3358 1048 3412 verba
1066 3352 1147 3421 ‘ridie
1159 3355 1295 3424 eieavta’
1307 3377 1388 3428 prae-

240 3441 354 3508 cedunt,
374 3441 441 3495 mihi
459 3440 572 3508 quidem
590 3459 607 3496 a
624 3441 739 3497 librario
759 3441 898 3496 Christum
916 3441 1006 3510 ipsum
1024 3459 1053 3495 se
1072 3443 1144 3496 viem
1163 3443 1319 3512 appellasse
1341 3461 1387 3498 ne-

240 3526 345 3582 sciente
368 3526 404 3580 ad
423 3525 588 3596 explicanda
611 3527 709 3580 verba:
732 3523 802 3589 ὁδὸς
825 3524 949 3594 οὐρανία
971 3525 1000 3579 in
1022 3525 1149 3594 margine
1175 3525 1306 3597 apposita
1328 3545 1388 3582 esse

241 3611 378 3666 videntur.
420 3610 526 3676 Quibus
552 3611 645 3664 verbis
672 3627 728 3666 nen
751 3611 840 3664 solum
862 3609 1040 3680 pulchritudo
1063 3609 1159 3679 hymni
1185 3611 1310 3681 poetica,
1337 3613 1387 3666 sed

241 3695 325 3750 etiem
350 3696 466 3752 metrica
488 3697 622 3766 corrupta
643 3697 697 3750 est:
724 3695 835 3766 poetica
862 3697 1026 3764 propterea,
1053 3695 1128 3763 quod
1155 3697 1183 3750 et
1210 3695 1239 3749 in
1261 3695 1296 3749 iis
1315 3713 1387 3764 quae

241 3779 421 3852 praecedunt
440 3783 469 3835 et
486 3781 514 3836 in
532 3781 565 3835 iis
583 3799 655 3850 quac
674 3783 839 3850 seqmmtm,
861 3795 971 3850 semper
995 3777 1119 3833 Christus
1143 3779 1215 3848 ipse,
1243 3796 1388 3848 nunquam

241 3865 337 3933 ulique
353 3865 412 3920 eius
430 3885 507 3936 pars,
530 3867 561 3920 ut
582 3867 611 3920 in
628 3866 671 3920 his
691 3865 795 3932 verbis,
817 3866 976 3930 invocatur;
999 3863 1115 3918 metrica
1133 3867 1293 3933 propterea,
1311 3865 1388 3932 quod

240 3951 333 4006 verbis
355 3950 410 4004 illis
437 3951 637 4020 particularum
664 3951 835 4021 singnilarum
862 3947 1037 4020 symmetria,
1064 3965 1120 4016 qua
1151 3949 1261 4002 ceterae
1291 3964 1387 4004 omnes

241 4036 336 4106 hymni
362 4035 516 4106 particulae
538 4037 653 4092 metrice
671 4036 743 4092 inter
761 4053 790 4090 se
808 4035 990 4106 respondent,
1008 4031 1037 4086 id
1055 4031 1130 4102 quod
1148 4049 1201 4100 ego
1218 4031 1247 4084 in
1259 4035 1386 4104 margine

239 4121 341 4192 pedum
369 4119 491 4174 numeris
519 4123 647 4192 ascriptis
663 4121 797 4188 indicavi,
817 4121 900 4190 plene
918 4119 1056 4173 turbatur.

308 4209 334 4270 ⁶2)
352 4205 447 4260 Verba
474 4203 547 4260 αἰών
573 4199 707 4274 ἄπλετος,
731 4223 804 4276 quae
826 4205 854 4258 in
873 4201 1021 4260 Clementis
1039 4217 1154 4271 operum
1173 4199 1295 4256 editione
1317 4221 1334 4257 u
1353 4205 1385 4259 ll.

240 4291 349 4346 Klotzio
369 4289 521 4360 recognita,
538 4289 610 4361 lips.
630 4297 703 4358 1831,
722 4292 742 4358 l,
760 4309 787 4362 p.
806 4295 869 4356 347,
888 4288 1000 4354 desunt,
1018 4289 1128 4342 ceterae
1141 4301 1236 4338 omnes
1249 4285 1386 4344 editiones

240 4375 353 4432 liabent.
