3242 4956
712 279 992 368 „134v

107 551 109 556 λ
242 469 318 553 luja’
351 473 460 533 atoto
492 474 584 535 ooetu
606 470 789 536 Christiano
812 474 876 536 iam
897 475 1000 557 prima
1022 476 1172 540 eeclesiae
1194 481 1296 543 aetate
1319 500 1391 543 oan-

241 578 308 643 tata
329 579 516 664 plerumque
538 583 622 666 parti
645 583 739 646 alieni
759 583 874 667 psalmi
895 607 913 646 a
934 585 1052 649 lectore
1072 587 1273 670 pronunciati
1295 588 1391 652 finem

242 689 411 773 imponens
434 713 531 756 unam
557 695 681 776 partem
710 693 749 756 ab
778 694 876 757 altera
902 696 1094 760 secernebat.
1140 697 1232 772 Quod
1260 701 1297 760 ut
1322 699 1391 762 fieri

241 804 365 884 posset,
388 824 518 866 neeesse
545 806 608 886 est,
636 803 707 866 voei
729 803 807 886 ipsi,
837 826 932 888 quam
959 805 1110 888 rhythmo
1139 807 1194 870 illo
1223 807 1390 890 simplicis-

242 911 322 975 simo
345 911 510 978 (116111616
537 913 690 995 vidimus,
720 917 840 977 eertum
869 915 965 978 finem
994 938 1062 978 esse
1091 917 1285 999 impositum.
1330 918 1391 981 nst

133 1097 135 1102 ,
242 1025 347 1085 111611
378 1043 439 1086 vox
466 1023 687 1106 tetrasyllaba,
716 1045 810 1106 quam
833 1025 954 1088 dnobus
982 1025 1046 1088 illis
1075 1027 1271 1110 temporibus
1301 1050 1389 1091 soan-

111 1168 116 1174 -
241 1131 352 1195 dentes
376 1133 403 1195 si
425 1133 545 1216 primae
569 1133 709 1216 syllabae
733 1135 906 1197 seeundum
928 1138 1074 1198 naturam
1102 1136 1241 1219 primum
1263 1141 1389 1222 tempus

240 1241 435 1326 imponimus
442 1293 451 1325 ,
479 1243 610 1307 ultimae
636 1245 775 1326 syllabae
798 1246 970 1308 seeundum
998 1248 1124 1328 tempus
1153 1248 1389 1311 attribuendum

241 1355 298 1416 est.
309 1352 333 1438 ¹)
379 1352 480 1428 Quem
508 1354 604 1417 finem
633 1376 651 1416 a
679 1355 750 1437 lege
778 1355 910 1418 metrica
932 1356 1044 1438 cuique
1066 1355 1190 1419 homini
1218 1357 1315 1421 insita
1337 1359 1389 1422 ab·

241 1461 371 1526 horrere
393 1463 457 1526 iam
481 1463 626 1538 diximus.
660 1463 706 1528 Ut
727 1465 864 1547 primum
887 1468 1013 1549 tempus
1037 1487 1109 1529 eum
1130 1467 1243 1530 ultima
1265 1469 1388 1550 syllaba

145 1620 147 1623 ψ
240 1576 410 1658 congruat,
434 1574 510 1638 lieet
532 1574 626 1638 nobis
649 1597 667 1636 a
691 1575 830 1638 seeundo
853 1579 997 1659 tempore
1012 1576 1143 1640 verbum
1159 1577 1309 1661 insipere,
1333 1579 1387 1641 sed

239 1705 312 1746 oum
333 1683 395 1747 hoo
417 1684 544 1748 initium
559 1687 691 1747 naturae
706 1706 773 1747 non
789 1687 971 1770 conveniat,
996 1687 1134 1772 secunda
1155 1688 1285 1771 syllaba,
1309 1710 1388 1770 quae

238 1793 376 1877 primum
398 1796 524 1877 tempus
546 1794 663 1858 habere
686 1795 854 1878 sentiatur,
877 1818 954 1860 vooe
976 1797 1079 1881 magis
1103 1799 1273 1861 extollatur
1296 1820 1387 1882 opor·

238 1906 293 1966 tet.
304 1903 330 1988 2)
374 1903 601 1988 Unusquisque
623 1904 684 1968 hoo
713 1905 758 1968 ita
785 1905 889 1969 faeere
916 1909 1039 1990 potest,
1068 1910 1104 1970 ut
1131 1908 1268 1991 primam
1296 1909 1387 1990 sylla-

238 2014 311 2077 bam
333 2036 399 2077 non
414 2017 504 2078 tanta
518 2037 612 2098 voce,
635 2019 754 2097 quanta
769 2017 939 2080 secundam
945 2067 954 2099 ,
977 2017 1182 2103 pronunciet3
1207 2019 1262 2081 sed
1283 2021 1387 2106 totum

238 2127 419 2208 temporum
440 2124 569 2189 illoruni
585 2128 710 2188 coetum
724 2114 861 2210 primam
877 2127 1032 2209 syllabam
1047 2149 1144 2210 parva
1159 2149 1246 2212 voce,
1269 2123 1386 2213 magna

239 2235 409 2298 secundam
439 2239 583 2300 cantasse
609 2257 677 2300 non
705 2237 876 2301 verisimile
907 2240 964 2301 est.
1024 2237 1058 2302 si
1085 2238 1184 2322 igitur
1213 2239 1386 2303 seeundum

128 2351 131 2356 “
237 2347 384 2408 naturam
406 2347 545 2437 verbum,
561 2346 803 2428 tetrasyllabum
825 2348 952 2432 alleluja
977 2370 995 2410 a
1016 2349 1120 2432 primo
1143 2352 1287 2432 tempore
1309 2349 1386 2412 inei-

237 2455 359 2540 pimus,
388 2457 433 2519 ita
460 2459 586 2520 tantum
610 2456 761 2538 rhythmo
784 2458 856 2521 finis
879 2458 1002 2541 imponi
1024 2461 1146 2542 potest,
1175 2461 1211 2521 ut
1238 2482 1302 2522 una
1324 2459 1385 2542 syl-

237 2565 309 2629 laba
331 2589 388 2650 per
410 2567 472 2630 duo
495 2570 640 2650 tempora
661 2572 827 2650 personet:

682 2707 951 2744 11111

677 2772 980 2855 alleluja·—-.

676 2882 835 2944 allelu
857 2921 899 2928 -
923 2885 978 2965 ja.

675 2992 978 3076 mh—mm

236 3127 285 3191 Ao
307 3149 366 3190 nos
390 3127 517 3212 quidem
538 3127 634 3190 hodie
663 3127 698 3190 in
721 3130 816 3191 oantu
839 3151 928 3192 sacro
951 3151 1061 3193 vocem
1084 3129 1212 3214 alleluja
1234 3135 1385 3196 canentes

236 3238 422 3321 plerumque
450 3237 679 3321 paenultimam
702 3237 871 3322 syllabam,
887 3238 1059 3303 'interdum
1089 3241 1185 3303 etiam
1215 3243 1385 3325 antepaen-

236 3349 381 3413 ultimam
403 3349 628 3432 protrahimus,
664 3347 726 3412 sed
749 3370 821 3411 oum
843 3349 877 3411 in
900 3349 1010 3435 lingua
1031 3350 1179 3415 hebraica
1201 3352 1289 3415 verbi
1312 3353 1385 3415 alle-

237 3459 301 3542 luja
322 3459 435 3522 ultima
463 3459 585 3542 syllaba
607 3462 772 3523 acoentum
794 3460 924 3544 habeat,
949 3464 981 3525 et
1008 3461 1116 3526 Iudaei
1145 3465 1177 3524 et
1200 3461 1384 3547 Christiani,

237 3569 291 3652 qui
312 3569 424 3653 primis
448 3570 581 3633 saeculis
603 3570 765 3654 vixerunt,
788 3571 934 3635 ultimam
956 3572 1111 3654 syllabam
1134 3560 1264 3652 propter
1290 3581 1384 3651 lenem

236 3687 392 3745 metricum
415 3683 648 3765 protraxerunt.
669 3720 704 3728 —
724 3680 805 3745 Oum
827 3681 966 3766 primum
981 3684 1094 3746 ultima
1117 3683 1238 3766 syllaba
1259 3671 1384 3752 tantum

236 3789 282 3875 111
314 3791 567 3874 protraheretur,
604 3794 641 3853 ut
674 3791 759 3856 idem
787 3813 884 3884 sonus
906 3815 964 3877 per
982 3794 1043 3857 (luo
1072 3797 1216 3876 tempora
1246 3799 1383 3880 sonaret,

235 3904 347 3984 postea
368 3902 494 3985 utrique
516 3903 654 3994 tempori
677 3903 757 3966 alius
786 3925 883 3968 sonus
906 3905 1083 3989 applicatus
1106 3906 1163 3967 est.
1209 3904 1269 3979 Qui
1297 3907 1384 3969 vocis

348 4123 360 4161 1
384 4125 395 4162 1
416 4125 425 4162 1
446 4125 458 4161 1

305 4175 330 4240 1)
349 4172 469 4242 alleluja.

353 4302 364 4338 2
385 4266 396 4340 1
417 4302 429 4338 1
447 4266 461 4340 i

304 4353 331 4420 2)
351 4350 470 4421 alleluja.
