3242 4956
709 352 921 417 -35ffi

231 523 351 586 musica
384 524 477 607 signa
509 546 547 586 ex
574 523 629 586 illo
656 526 799 606 tempore
826 545 893 586 non
918 524 984 586 sint
1010 527 1150 607 servata,
1184 527 1287 608 qualis
1318 527 1387 590 fere

165 699 172 710 ,
232 634 328 698 fuerit
356 634 410 698 ille
433 636 560 717 centus,
588 636 713 698 tanturn
742 633 890 697 concludi
917 636 1025 717 potest
1053 637 1085 698 et
1112 657 1151 698 er
1179 637 1382 720 scriptorum,

232 745 286 828 qui
314 744 426 808 eodem
458 748 602 828 tempore
635 745 797 828 vixerunt,
831 745 1022 809 testimoniis
1057 750 1088 810 et
1119 770 1158 811 ex
1188 746 1381 830 hymnorum

232 855 375 938 ipsorum
396 855 499 919 forma
522 858 554 919 et
575 877 614 918 ex
636 859 732 919 cantu
747 854 946 940 Gregoriano
971 877 1042 919 cum
1057 856 1272 921 Ambrosiano
1296 879 1381 922 com-

232 968 343 1050 parato
366 967 578 1049 posteriorum
602 965 794 1050 scriptorum
816 966 1011 1030 testimoniis
1034 966 1174 1032 adscitis.

317 1077 366 1140 Ac
388 1077 526 1160 primum
555 1076 683 1161 quidem
705 1077 913 1140 Ambrosium
943 1079 976 1140 et
1004 1097 1145 1142 suanum
1171 1083 1331 1156 peceribus
1354 1083 1386 1143 et

233 1193 327 1252 modis
351 1193 473 1252 Graccis
501 1210 595 1250 usum
619 1209 687 1251 esse
717 1189 942 1272 cognoscimus
972 1209 1011 1250 ex
1033 1187 1103 1251 loco
1126 1189 1182 1252 illo
1202 1189 1385 1274 Augustini,

233 1320 294 1382 quo
311 1299 533 1380 Ambrosium,
557 1300 594 1360 ut
608 1297 723 1380 hymni
738 1300 927 1362 cancrentur
944 1298 1119 1362 secundum
1135 1321 1256 1362 morem
1278 1299 1388 1363 Orien-

231 1410 344 1472 talium
365 1409 505 1492 partium
526 1407 703 1472 instituisse
727 1409 812 1472 dicit.
844 1407 929 1473 Nam
952 1408 987 1470 in
1004 1407 1219 1472 Orientalibus
1232 1410 1388 1493 partibus,

232 1521 319 1583 etin
342 1517 434 1602 Syria
456 1519 544 1583 etin
567 1518 700 1582 Graecia
728 1522 871 1582 veterum
899 1517 1093 1583 Graecorum
1122 1541 1241 1604 genera
1262 1520 1388 1584 modos-

233 1652 293 1713 que
316 1651 374 1693 usu
396 1631 521 1694 venisse
548 1630 612 1693 iam
634 1628 779 1693 vidimus
825 1628 865 1692 In
896 1627 990 1711 Syria
1011 1629 1206 1694 Harmonius
1235 1631 1389 1695 musicam

234 1740 388 1804 Graecam
410 1740 541 1804 edoctus
563 1740 701 1823 hymnos
725 1739 916 1822 composuit,
940 1739 975 1802 in
998 1738 1131 1803 Graecia
1149 1739 1299 1833 Glemens
1314 1741 1389 1805 Ale-

232 1851 406 1914 xandrinus
429 1851 463 1914 in
486 1851 613 1934 scriptis
642 1850 706 1914 suis
737 1852 881 1914 veterum
906 1849 1100 1914 Graecorum
1123 1872 1242 1936 genera
1263 1852 1389 1915 modos-

233 1984 294 2044 que
330 1984 423 2045 saepe
460 1961 730 2025 commemoravit.
774 1961 972 2024 Ambrosius
1006 1961 1122 2046 igitur,
1165 1961 1219 2045 qui
1251 1961 1388 2044 hymnos

234 2071 407 2135 seeundum
429 2093 533 2135 mores
557 2071 770 2136 Orientalium
799 2071 937 2155 partium
955 2070 1114 2135 canendos
1138 2073 1270 2155 curavit,
1293 2057 1390 2137 etiam

233 2205 351 2268 genera
383 2183 558 2266 modosque
588 2181 786 2246 Graecorum
819 2182 854 2244 in
881 2181 1007 2246 Italiam
1033 2182 1165 2246 induxit.
1211 2181 1257 2246 Ut
1283 2185 1389 2247 autem

235 2292 383 2358 Clemens
418 2292 574 2376 imprimis
614 2315 716 2378 genus
757 2292 952 2356 diatonicum
986 2295 1018 2356 et
1050 2292 1179 2356 modum
1212 2292 1388 2378 Phrygium

233 2391 429 2486 Doriumque
463 2402 498 2466 in
526 2405 622 2467 cantu
658 2425 748 2468 sacro
778 2402 959 2466 adhibenda
993 2425 1061 2466 csse
1091 2403 1185 2486 dicit,
1219 2404 1264 2466 ita
1293 2403 1388 2468 etiam

233 2513 423 2578 Ambrosius
450 2535 517 2578 non
547 2514 696 2578 omnibus
730 2513 902 2600 generibus
931 2513 1110 2597 modisque,
1142 2515 1196 2580 sed
1224 2515 1388 2578 nonnullis

232 2626 358 2688 tantum
380 2647 455 2688 usus
478 2647 546 2689 esse
569 2624 702 2689 videtur.
750 2623 847 2689 Sed·
837 2624 998 2688 invenisse
1022 2646 1093 2688 eum
1115 2627 1251 2708 quatuor
1275 2625 1388 2688 modos

232 2735 378 2798 historici
400 2735 493 2798 multi
516 2738 549 2798 et
576 2735 629 2798 isti
657 2735 711 2818 qui
734 2734 774 2797 ab
797 2734 861 2798 illis
885 2756 1041 2797 summam
1070 2733 1136 2798 hist
1122 2735 1222 2798 toriae
1251 2735 1387 2799 musices

234 2844 484 2928 descripserunt,
507 2845 589 2908 falso
619 2845 776 2908 dictitant.
789 2846 811 2930 ¹)

318 2939 453 3019 Deinde·
473 2955 581 3019 cantui
605 2954 821 3019 Ambrosiano
844 2959 1014 3036 rhythmum
1041 2975 1077 3018 ac
1100 2965 1225 3019 metrum
1248 2953 1386 3020 vindico.

320 3063 490 3130 Canticum
505 3065 585 3129 illud
594 3115 603 3148 ,
628 3065 713 3148 quod
727 3064 809 3128 falso
825 3065 997 3128 Ambrosio
1014 3065 1197 3129 ascribitur:
1221 3065 1278 3129 ‘Te
1294 3065 1388 3130 deum

234 3176 422 3259 laudamus,
453 3176 522 3240 sine
552 3175 619 3239 ullo
644 3174 797 3258 rhythmo
819 3176 1032 3259 compositum
1060 3178 1109 3240 est
1136 3179 1168 3239 et
1196 3197 1234 3240 ex
1263 3177 1387 3240 cantico

238 3285 370 3369 Graeco,
394 3287 477 3370 quod
501 3284 635 3370 incipit:
660 3283 745 3350 Καθ’
770 3284 913 3369 ἑκάστην
935 3283 1064 3369 ἡμέραν
1088 3283 1262 3370 εὐλογήσω
1281 3303 1330 3368 σε,
1353 3288 1387 3351 in

233 3398 379 3482 linguam
402 3397 552 3460 Latinam
575 3397 767 3460 translatum
791 3418 859 3460 esse
881 3395 1049 3482 videturfl)
1078 3396 1147 3472 Quo
1171 3397 1294 3461 cantico
1317 3419 1388 3480 pro-

234 3508 320 3572 saico
344 3507 463 3572 omisso
493 3507 530 3571 de
552 3513 669 3590 hymnis
697 3509 822 3571 tantum
851 3507 947 3570 verba
969 3507 1103 3590 faciam,
1133 3528 1211 3590 quos
1240 3507 1280 3570 ab
1308 3508 1385 3571 Am

234 3618 341 3681 brosio
374 3618 537 3701 profectos
574 3640 643 3682 esse
674 3620 802 3682 conset
804 3618 1081 3683 .Ambr0sius
1072 3640 1141 3701 lpse
1173 3617 1209 3680 in
1241 3639 1387 3682 sermone

235 3731 347 3792 contra
373 3727 569 3792 Auxentium
603 3751 636 3792 se
674 3728 812 3812 hymnos
847 3729 1021 3792 nonnullos
1055 3728 1272 3811 composuisse
1300 3728 1386 3812 dicit,

234 3861 369 3923 quorum
391 3839 591 3924 Augustinus
621 3841 686 3903 tres
716 3843 959 3921 commemorat,
987 3839 1140 3923 primum,
1171 3838 1225 3921 qui
1253 3839 1385 3922 incipit:

233 3950 373 4014 Aeterne
399 3971 505 4013 rerum
533 3949 643 4013 condit
644 3971 696 4032 or,
725 3950 760 4012 in
781 3949 1045 4013 retractationum
1072 3949 1210 4032 librol,
1241 3971 1308 4032 cap
1333 3950 1384 4032 24,

233 4060 422 4126 secundum:
450 4059 518 4124 Iam
544 4060 647 4145 surgit
633 4059 783 4124 tthora
768 4060 882 4143 tertia,
911 4059 950 4124 de
977 4062 1043 4124 nat
1073 4061 1208 4145 ettgra
1240 4082 1308 4144 cap
1333 4061 1385 4142 63,

305 4327 330 4388 1)
350 4324 383 4378 cf.
403 4323 433 4378 Ο.
452 4322 533 4389 Paul,
551 4322 667 4377 Wiener
684 4322 877 4377 Recensionen
896 4328 971 4378 1865.
993 4329 1033 4376 11
1052 4323 1168 4392 Jahrgg.
1187 4342 1213 4392 p.
1234 4328 1292 4376 243.

304 4407 383 4476 2.)cf
403 4407 515 4475 Daniel,
534 4408 656 4463 thesaur.
675 4408 769 4478 hymn
789 4408 856 4462 tom
876 4408 910 4461 11.
929 4425 956 4477 p.
975 4414 1025 4462 279
1044 4424 1102 4474 squ.

1136 4491 1180 4557 3*
