3242 4956
740 308 951 386 -.18-

274 477 420 562 Syriacae
442 478 549 562 gentis
573 477 713 562 carmina
735 499 823 541 saera
851 477 890 539 ab
913 476 1095 560 Ephraemo
1119 481 1311 564 composita,
1342 503 1422 565 quae

273 589 307 652 in
335 588 484 653 thesauro
514 587 743 671 hymnologico
772 609 790 649 a
816 585 952 650 Daniele
981 588 1065 651 edito
1095 589 1229 653 collecta
1262 593 1421 675 reperiun-

272 701 333 764 tur.
346 700 368 781 ¹)
399 699 485 775 Quae
510 699 650 762 carmina
672 697 850 780 rhythmice
873 717 909 759 ac
931 699 1062 761 metrice
1079 701 1257 783 composita
1279 703 1422 767 versibus

273 810 458 892 plerumque
482 811 631 872 constant
652 808 866 891 hexasyllabis
890 811 921 871 et
935 808 1105 872 maximam
1120 813 1244 893 partem
1267 812 1421 878 incertas

274 920 421 1003 strophas
444 919 545 982 divisa
567 923 657 1001 sunt,
686 941 748 1002 qua
775 941 809 982 re
832 918 967 981 eundem
989 919 1145 982 musicum
1174 923 1304 986 moduni
1334 945 1421 1007 repe-

273 1031 367 1093 titum
391 1051 459 1093 esse
481 1029 653 1112 indicatur,
675 1032 712 1092 ut
732 1029 769 1091 fit
791 1029 874 1111 apud
896 1050 955 1090 nos
978 1027 1012 1091 in
1035 1033 1129 1093 cantu
1152 1031 1280 1095 chorali.

357 1140 550 1205 Graecorum
571 1139 778 1222 hymnorum,
802 1139 856 1221 qui
878 1139 1050 1202 memoriae
1066 1141 1184 1224 proditi
1207 1145 1290 1224 sunt,
1313 1147 1418 1206 retus-

271 1251 412 1316 tissimus
449 1253 498 1313 est
527 1256 655 1332 hymnus
685 1255 840 1314 Clementis
869 1255 1081 1315 Alexandrini.
1131 1251 1230 1326 Quem
1264 1251 1416 1334 hymnum

270 1362 454 1448 priusquam
477 1361 654 1426 accuratius
677 1360 881 1444 inspiciamus
887 1409 896 1444 ,
920 1364 1015 1423 antea
1036 1361 1129 1424 nobis
1152 1362 1416 1444 praemittendum

272 1477 335 1556 est,
360 1473 485 1558 qualem
507 1473 661 1536 musicam
689 1472 723 1534 in
746 1470 1001 1534 Christianorum
1029 1473 1239 1536 conventibus
1268 1473 1417 1537 adhihen-

272 1584 344 1648 dam
368 1605 436 1648 esse
459 1582 607 1648 Clemens
635 1583 704 1666 ipse
732 1581 876 1645 voluerit.
922 1580 972 1644 Ex
994 1580 1033 1642 iis
1056 1601 1134 1662 quae
1156 1581 1270 1644 doctus
1293 1584 1348 1648 ille
1371 1585 1419 1648 vir

271 1696 305 1758 in
327 1695 417 1758 libris
447 1694 511 1757 suis
540 1693 671 1757 diversis
702 1692 781 1755 locis
808 1692 846 1754 de
875 1692 995 1754 musica
1023 1689 1163 1774 scripsit,
1193 1693 1418 1774 cognoscimus

272 1804 426 1870 Graecam
448 1805 602 1868 musicam
625 1806 658 1867 et
678 1803 896 1866 harmonicam
920 1805 952 1864 et
973 1799 1184 1883 rhythmicam
1207 1823 1244 1864 eo
1267 1824 1329 1885 quo
1346 1802 1416 1866 Cle-

271 1938 361 1980 mens
383 1915 463 1979 vixit
484 1917 643 2000 tempore,
666 1914 803 1977 maxime
825 1912 922 1974 fuisse
945 1911 1104 1975 usitatam.
1135 1909 1210 1974 Tria
1224 1911 1309 1975 enim
1324 1935 1415 1976 sono-

270 2047 341 2090 rum
368 2048 486 2112 genera
509 2026 643 2108 Graeca,
672 2025 866 2088 diatonicum
890 2022 1150 2086 enharmonicum
1179 2021 1417 2108 chromaticum,

272 2139 304 2199 et
329 2136 502 2201 nonnullos
531 2136 658 2218 modos,
690 2139 726 2198 ut
753 2135 882 2198 modum
905 2132 1054 2214 Dorium,
1083 2131 1213 2196 modum
1234 2131 1417 2218 Phrygium,

272 2247 410 2330 itemque
433 2244 615 2328 rhythmos,
639 2246 753 2328 quibus
777 2246 901 2309 cantica
923 2243 1043 2306 fuerint
1073 2242 1240 2328 adstricta,
1270 2267 1418 2328 persaepe

272 2357 509 2420 commemorat.
546 2354 658 2438 Neque
680 2377 755 2418 vero
778 2355 885 2418 omnia
906 2375 1024 2438 genera
1050 2373 1152 2435 neque
1176 2375 1288 2420 omnes
1310 2355 1417 2439 rhyth-

272 2487 342 2530 mos
365 2466 399 2528 in
422 2467 516 2529 cantu
540 2486 629 2528 sacro
653 2464 832 2528 adhibenda
854 2487 922 2528 esse
939 2463 1086 2528 Clemens
1104 2461 1244 2542 censuit,
1268 2460 1324 2522 sed
1346 2481 1421 2542 qna-

272 2579 365 2639 tenus
388 2575 510 2638 musiea
533 2573 654 2638 Graeca
676 2572 876 2637 Christianos
903 2573 949 2635 uti
973 2575 1149 2655 oporteret,
1179 2571 1312 2636 diversis
1341 2569 1420 2632 loeis

272 2685 409 2749 edocuit.
454 2683 493 2748 ln
524 2685 713 2748 stromatum
735 2683 817 2748 libro
840 2681 962 2768 sexto²)
992 2687 1203 2746 Aristoxenum
1231 2680 1322 2764 quasi
1350 2701 1419 2765 gra-

272 2796 437 2860 vissimum
460 2795 611 2858 scientiae
633 2794 772 2858 musicae
794 2797 956 2857 auctorem
979 2793 1111 2876 allegat,
1134 2793 1188 2876 qni
1209 2792 1304 2855 modo
1321 2790 1421 2853 Dorio

273 2905 552 2988 enharmonicum,
580 2905 774 2968 diatonicum
797 2903 892 2968 modo
915 2901 1057 2986 Phrygio
1080 2902 1161 2966 hene
1183 2899 1352 2964 convenire
1376 2897 1420 2960 ‹li-

272 3015 369 3098 xcrit;
392 3037 428 3078 ac
452 3036 522 3078 cum
539 3015 650 3078 eodem
666 3014 737 3076 loco
753 3012 922 3094 Davidem,
946 3011 999 3094 qui
1021 3011 1158 3093 hymnos
1174 3011 1207 3073 in
1229 3009 1280 3074 dei
1295 3006 1420 3070 laudern

273 3124 504 3208 composuerit,
527 3124 617 3208 quasi
639 3123 776 3186 musices
798 3122 977 3206 exemplum
1001 3119 1122 3202 laudet,
1150 3123 1182 3182 et
1205 3119 1333 3182 niodum
1358 3117 1419 3178 llo-

272 3235 354 3300 rium
381 3237 414 3298 et
434 3233 611 3318 Phrygium
639 3235 672 3298 in
701 3237 796 3298 cantu
825 3254 914 3296 sacro
942 3229 1156 3294 adhibendinn
1185 3249 1253 3290 esse
1282 3225 1420 3288 verluisse

273 3367 345 3410 eum
367 3347 508 3428 apparet.
553 3344 644 3420 Quod
668 3347 773 3408 autem
796 3342 892 3406 luerit
913 3339 1082 3404 discrimen
1106 3338 1189 3400 inter
1210 3333 1270 3396 tria
1292 3351 1418 3410 gerara,

273 3456 440 3542 aequales
464 3455 583 3518 fuerint
611 3453 697 3518 modi
726 3457 867 3516 veterum
890 3449 1099 3526 Graecorum,
1126 3443 1187 3506 hoc
1215 3445 1358 3524 terinuire
1381 3440 1418 3504 (l.

272 3565 352 3632 Paul
380 3563 516 3632 dilucide
544 3564 699 3648 exposuit.
710 3561 734 3648 ³)
780 3561 888 3624 Genus
911 3555 1157 3636 chromaticum,
1184 3550 1267 3636 (prod
1291 3573 1418 3615 senmnn

273 3677 398 3742 molliat
420 3681 452 3742 ct
473 3675 576 3760 magis
599 3673 706 3738 cantui
729 3669 883 3735 aniatcrio
905 3687 999 3752 (priam
1023 3687 1112 3730 sacro
1137 3663 1320 3746 conveniat,
1349 3663 1418 3728 Cle-

278 3801 311 3812 ..-

342 3801 499 3914 ll—llanieh
518 3844 639 3900 thesaur.
658 3841 780 3912 hymnol.
800 3843 867 3895 tom.
888 3839 979 3909 111‚p.
1003 3843 1142 3892 ill—lto.

341 3935 368 3996 2)
381 3929 507 3986 Clemens
517 3930 601 3996 Alex,
615 3931 710 3984 strom.
725 3926 771 3992 v1,
784 3943 844 3996 cop.
858 3923 904 3990 x1,
917 3927 970 3984 §88
983 3922 1113 3977 editionis
1124 3914 1419 3976 Potleriananam'En

274 4019 325 4088 τῆς
337 4017 477 4087 μουσικῆς
488 4009 673 4084 παράδειγμα
686 4007 804 4080 ψάλλων
817 4007 891 4082 ὁμοῦ
904 4009 952 4064 sal
965 4003 1157 4078 προφητεύων
1170 4001 1312 4062 ἐκκείσθω
1326 4005 1420 4074 duilli!

274 4099 373 4170 ὑμνῶν
392 4095 534 4158 τὸνθεόν
553 4095 689 4169 ἐμμελῶς.
724 4091 861 4168 προσήκει
885 4093 917 4150 el
943 4083 975 4150 ed
993 4089 1071 4163 μάλα
1094 4089 1127 4148 τὸ
1150 4083 1321 4158 ἐναρμόνιον
1339 4089 1421 4160 γένος

275 4189 309 4258 τῇ
320 4187 435 4256 δωριστὶ
447 4181 573 4260 ἁρμονίᾳ
589 4186 638 4240 καὶ
656 4185 690 4254 τῇ
708 4181 842 4254 φρυγιστὶ
863 4175 894 4236 τὸ
907 4174 1055 4243 διάτονον,
1075 4172 1112 4240 ὥς
1126 4193 1215 4246 φησιν
1227 4169 1421 4242 Ἀριστόξενος.

342 4291 368 4358 ³)
387 4290 419 4344 Ο.
443 4287 522 4352 Paul,
546 4285 590 4342 die
617 4285 745 4340 absolute
769 4281 922 4338 llunnonik
947 4281 997 4336 dor
1023 4279 1173 4342 Criecheu‚
1197 4277 1230 4330 el.
1251 4275 1295 4330 Fr.
1323 4274 1422 4330 Beller-

275 4391 372 4436 munn,
391 4373 552 4428 Touleitern
571 4371 626 4426 und
645 4370 822 4426 Musilmolea
841 4367 891 4422 der
909 4365 1055 4422 (lriechen.

37 4419 59 4526 πει*ῃ
37 4311 58 4394 *av-:1
36 4073 71 4290 ῂὲῑῑ-τυς
37 3981 56 4062 sar,
48 4013 54 4026 „‚
36 3901 55 4000 ἦν.
37 3829 52 3884 m:-

87 4489 88 4494 Α
74 4407 75 4410 ⁴
72 4317 73 4326 ⁴
74 3827 81 3842 Δ

37 4537 58 4637 νε·-

51 4613 66 4637 Ρ·

69 4591 79 4600 a

88 4633 95 4637 ι
