3242 4956
999 319 1018 375 γ,

623 320 951 462 Jsssn-

269 538 451 622 perdulccm
480 538 623 620 appellat
641 537 868 620 Ambrosium,
899 537 1033 600 eundem
1061 537 1191 602 audiens
1219 537 1419 622 Augustinus
1505 547 1507 554 ’

270 651 415 712 lacrimas
438 627 665 732 retincrqn'on
686 651 808 730 potest·
873 657 882 724 ᾗ

355 757 473 822 Versus
496 759 625 832 iambici
647 747 840 842 quaternarii
869 743 1090 822 distinctiones
1117 759 1253 853 musicas
1277 759 1421 822 efficiunt

272 892 309 932 cx
347 869 515 952 quaternis·
545 869 669 934 neumis
707 871 899 951 constantes
951 871 998 935 Ac
1033 892 1104 932 cum
1136 869 1283 954 quaterni
1310 891 1420 933 versus

249 1003 366 1042 unam
394 979 560 1062 stropham
593 979 748 1062 forment,
782 1002 885 1062 neque
918 1003 1052 1064 usquam
1084 981 1119 1044 in
1150 981 1279 1064 hymnis
1311 979 1421 1043 eadem

271 1089 430 1153 sententia
453 1097 490 1153 c'x
512 1077 588 1152 una‘
599 1089 738 1185 stropha
753 1089 787 1152 111
810 1113 889 1174 eam,
914 1103 998 1174 quae'
1016 1091 1172 1174 sequitur,
1195 1093 1346 1172 transeat,
1372 1113 1421 1153 ca-

202 1239 204 1244 ·
273 1201 344 1264 dem
365 1195 487 1263 musica
509 1199 684 1262 modulatio
708 1219 752 1264 cir·
768 1196 903 1284 quatuor
926 1201 1185 1264 distinctionibus
1214 1203 1365 1264 constans
1387 1200 1422 1264 in

246 1312 407 1396 ¹singulis
423 1305 562 1392 -hymni‘
583 1311 726 1394 struphis
750 1311 891 1398 repetita
919 1333 987 1374 esse
1015 1296 1148 1375 videtur.
1194 1310 1311 1380 Breues
1341 1311 1421 1374 cius-

271 1423 359 1485 modi
382 1414 615 1484 modulationes
639 1421 814 1488 'cantorum
827 1403 998 1492 memoriae
1019 1425 1152 1505 propter
1167 1401 1332 1484 metricam
1348 1442 1421 1484 con-

273 1533 459 1596 cinnitatem
482 1531 573 1594 facilc
596 1519 926 1616 imprimilpotcrant.¹
962 1531 1032 1596 Nec
1054 1532 1171 1614 mirum
1200 1535 1264 1614 cst,
1293 1535 1421 1596 cantum

272 1631 522 1706 Ambrosianum
544 1663 644 1724 usque
668 1643 704 1705 ad
731 1635 886 1718 (trudonis
902 1642 1029 1706 Aretini
1051 1645 1196 1726 tempora
1217 1642 1270 1706 hic
1293 1645 1325 1706 ct
1346 1643 1422 1706 illuc

234 1765 237 1773 ‘
273 1754 371 1816 fuisse
394 1755 563 1834 servatum,
593 1752 627 1814 in
650 1773 717 1834 quo
739 1753 872 1831 metrica
891 1749 1094 1816 concinnitas
1118 1775 1189 1816 cum
1212 1753 1300 1816 suavi
1330 1774 1422 1816 sono-

204 1901 208 1911 ·
237 1881 243 1888 ’
273 1874 343 1955 rimi
365 1863 517 1926 varietate
540 1862 636 1925 fucrit
659 1883 810 1952 conneaa.
856 1861 919 1928 Sed
941 1863 1049 1946 quaeri
1069 1865 1190 1946 potest,
1219 1885 1298 1946 quac
1326 1863 1424 1926 fucrit

273 1990 376 2055 causa,
401 1995 456 2036 cur
479 1965 612 2041 ecclesia
632 1994 699 2034 non
723 1967 1137 2055 cautumAmbrosianum,
1167 1995 1276 2036 verum
1295 1972 1422 2057 'Grego-

273 2085 398 2147 rianum
421 2086 497 2166 post
526 2082 617 2145 illum
646 2085 798 2145 exortum·
811 2067 970 2166 'amplexa
990 2073 1049 2146 sit.
1095 2083 1189 2146 Multi
1224 2106 1261 2146 ex
1295 2084 1334 2146 iis
1369 2084 1423 2166 qui

271 2195 406 2258 musices
428 2193 596 2256 historiam
619 2193 861 2280 scripserunt¹)‚
896 2183 1086 2276 quamquam
1115 2195 1192 2258 certi
1226 2194 1345 2277 aliquid
1372 2194 1424 2257 de-

275 2308 371 2368 cantu
393 2303 609 2366 Ambrosiano
626 2303 730 2366 dicere
751 2325 818 2368 non
846 2307 997 2388 possunt,
1026 2304 1122 2367 nimis
1145 2305 1323 2388 simplicem
1352 2327 1424 2368 cum

275 2436 344 2478 esse
367 2415 488 2478 volunt.
536 2413 656 2478 Contra
684 2436 743 2498 ego
771 2413 898 2497 quidem
927 2397 1054 2488 cantum
1082 2415 1332 2478 Ambrosianum
1361 2415 1424 2478 mel

272 2526 389 2589 tricum
412 2547 448 2588 ac
471 2525 643 2608 figuratum
666 2521 917 2588 artificiosiorem
934 2541 1002 2588 csse
1019 2525 1194 2608 contendo,
1218 2547 1433 2608 quamquem

273 2637 387 2721 vulgus
417 2635 509 2698 facilc
539 2655 651 2697 canere
678 2635 827 2718 potuerit.
874 2635 1022 2720 Gregorii
1055 2657 1130 2698 vero
1166 2639 1276 2698 cantus
1310 2636 1424 2718 planus

273 2747 449 2830 simplicior
477 2748 559 2826 erat,
596 2749 627 2808 et
656 2767 727 2809 cum
757 2767 866 2808 onmes
896 2732 968 2822 soni
1002 2745 1086 2828 inter
1120 2768 1153 2808 se
1186 2769 1278 2828 pares
1308 2750 1424 2828 essent,

274 2856 400 2920 facilius
423 2879 441 2918 a
462 2858 532 2919 toto
557 2859 649 2918 coetu
673 2856 800 2920 concini
821 2857 936 2939 potuit.
1015 2842 1019 2849 ²

359 2966 421 3030 Sed
444 2987 509 3029 non
533 2966 629 3048 periit
651 2965 815 3029 Ambrosii
838 2966 972 3030 canendi
994 2953 1087 3030 ratioss
1126 2965 1324 3048 Quamquam
1340 2967 1425 3030 cuim

274 3077 407 3141 Carolus
437 3099 589 3160 magnus,
619 3077 673 3159 qui
707 3099 806 3139 unum
840 3076 890 3140 dei
919 3051 1040 3140 cultum
1069 3077 1265 3164 eundemque
1297 3080 1426 3140 cantum

277 3187 425 3250 omnibus
449 3187 591 3249 ecclesiis
621 3186 880 3250 Occidentalibus
903 3207 971 3250 csse
993 3187 1108 3268 voluit,
1129 3189 1266 3264 ,cantum
1289 3187 1425 3249 Ambro-

275 3297 400 3384 sianum
429 3297 568 3359 maximo
594 3319 664 3359 oum
693 3296 796 3360 studio
825 3319 841 3360 c
869 3296 974 3360 medio
1002 3298 1115 3361 tollere
1143 3293 1330 3384 tentavit2),
1359 3319 1427 3360 non

275 3408 378 3470 solum
403 3410 612 3469 monumenta
637 3409 747 3470 cantus
769 3407 975 3470 Ambrosiani
997 3430 1096 3491 usque
1119 3409 1157 3472 ad
1177 3408 1332 3502 (luidonis
1347 3408 1426 3472 Are-

273 3518 334 3580 tini
356 3520 482 3600 tempus
505 3495 630 3580 servata
652 3519 741 3598 sunt,
772 3509 826 3580 sed
858 3519 954 3582 etiam
977 3523 1088 3582 cautus
1117 3511 1270 3603 figuratus
1299 3541 1337 3582 ex
1370 3519 1426 3582 illo

275 3627 428 3690 deductus
451 3628 484 3689 in
506 3627 612 3690 medio
637 3649 714 3690 aevo
737 3629 840 3711 magis
863 3630 1028 3712 magisque
1052 3629 1263 3692 excolebatur.
1274 3628 1299 3714 ,3)

346 3866 369 3930 1)
389 3863 490 3916 Forkcl
509 3865 538 3917 et
556 3864 610 3918 alii.
1403 3929 1404 3932 Ἴ

344 3951 369 4015 2)
389 3947 470 4002 Vitae
499 3948 556 4002 eius
579 3950 698 4018 scriptor
722 3950 806 4019 (apud
834 3950 960 4004 Bolland.
986 3958 1026 4005 ⁶28.
1046 3952 1172 4005 Januarii
1194 3955 1296 4018 112611
1324 3952 1428 4005 Medio-

274 4035 381 4097 lanum,
402 4033 502 4101 inquit,
520 4035 662 4102 profectus
681 4051 777 4088 omncs
795 4035 882 4088 libros
895 4035 1080 4091 Ambrosiano
1093 4037 1175 4090 titulo
1195 4037 1340 4108 sigillatos,
1359 4055 1428 4106 quos

275 4119 319 4172 vel
337 4119 424 4182 dono,
443 4117 488 4170 vel
506 4119 609 4186 pret-io,
628 4120 673 4172 vel
692 4119 718 4172 vi
735 4120 839 4173 habere
858 4120 963 4189 potuit,
983 4121 1052 4174 ahos
1072 4123 1235 4190 combussit,
1259 4123 1328 4176 alios
1350 4123 1427 4176 trans

275 4204 384 4256 montes
404 4201 485 4270 quasi
503 4202 533 4255 in
552 4203 664 4256 exilium
682 4205 765 4258 misit.
1372 4191 1375 4198 ’

346 4293 371 4350 3)
392 4289 424 4340 cf.
445 4287 613 4355 Schubiger,
626 4287 837 4356 'Sttngerschule
857 4289 895 4342 St.
916 4290 1037 4344 Gallens.
1069 4323 1071 4330 ›

673 4478 678 4480 -
755 4471 1007 4486 *—
